; journal created 2020-07-05 by hledger
Y2020
D $1000.00

2020/07/05 delivery cena
    expenses:comida            $630
    assets:caja                  $-630

2020/07/01 remis visita romi
    expenses:cami:extras             $500
    assets:caja

2020/07/01 alimento gatos
    expenses:comida:gatos             $610
    assets:caja                    $-610

2020/07/01 articulos de limpieza
    expenses:comida:limpieza             $200
    assets:caja                       $-200

2020/07/01 comida
    expenses:comida             $900
    assets:caja              $-900

2020/07/01 consulta dentista y dos rx
    expenses:gastos medicos:odontologia            $2100
    assets:caja                                 $-2100

2020/07/04 comida
    expenses:comida             $530
    assets:caja              $-530

2020/07/03 colocacion aa dpto cami
    expenses:casa:refacciones            $4000
    assets:caja                       $-4000

2020/07/01 asiento inicial
    assets:caja                            $15650
    assets:reserva                  $-15650

2020/07/01 asiento inicial
    assets:reserva                        $145650
    income:retiro sociedad            $-145650

2020/07/01 reserva dolares
    assets:reserva u$s              u$s1900
    liabilities:capital u$s         u$s-1900

2020/07/01 prestamo a fede
    assets:deudores                    u$s5553
    liabilities:capital u$s           u$s-5553

2020/07/05 remis a romi
    expenses:romi             $200
    assets:caja            $-200

2020/07/05 comida
    expenses:comida            $1500
    assets:caja             $-1500

2020/07/05 regalo cumpleaños romi
    expenses:romi            $2000
    assets:caja           $-2000

2020/07/05 diff
    expenses:diferencia arqueo              $60
    assets:caja                         $-60

2020/07/06 jabon liquido lavarropas
    expenses:comida:limpieza            $490
    assets:caja                                $-490

2020/07/06 hilos
    expenses:isabel             $100
    assets:caja                $-100

2020/07/06 saco reserva
    assets:caja              $10000
    assets:reserva          $-10000

2020/07/07 tratamiento de conducto
    expenses:gastos medicos:odontologia            5500
    assets:caja                                   -5500

2020/07/07 arreglo general frente
    expenses:casa:mantenimiento:jardineria            1000
    assets:caja                                      -1000

2020/07/07 ingresos
    assets:reserva                      40000
    income:retiro sociedad          -40000

2020/07/07 ketorolac
    expenses:gastos medicos:farmacia             325
    assets:caja                                 -325

2020/07/07 fibertel 07/2020
    expenses:servicios:fibertel            1730
    assets:caja                           -1730

2020/07/07 dif
    expenses:diferencia arqueo              95
    assets:caja                            -95

2020/07/08 locro
    expenses:comida            2500
    assets:caja               -2500

2020/07/08 arreglo jardin terminacion
    expenses:casa:mantenimiento:jardineria             600
    assets:caja                                       -600

2020/07/08 saco reserva
    assets:caja             $10000
    assets:reserva         $-10000

2020/07/08 cami semana
    expenses:cami:comida            2000
    expenses:cami:mesada            1500
    assets:caja                    -3500

2020/07/09 ñoño
    expenses:comida:ayuda              60
    assets:caja                       -60

2020/07/09 compras
    expenses:comida             600
    assets:caja                -600

2020/07/09 diff
    expenses:diferencia arqueo             100
    assets:caja                           -100

2020/07/09 facturas
    expenses:comida             400
    assets:caja                -400

2020/07/09 a cuenta devolucion de deuda sommier
    expenses:isabel            4000
    assets:caja               -4000

2020/07/09 cuota valija
    expenses:cami:extras            1000
    assets:caja                    -1000

2020/07/09 romi remis
    expenses:romi             300
    assets:caja              -300

2020/07/09 saco reserva
    assets:caja             $10000
    assets:reserva         $-10000

2020/07/10 epec julio/2020
    expenses:servicios:epec         3597.80
    assets:caja                    -3597.80

2020/07/10 claro julio/2020
    expenses:servicios:claro         3041.60
    assets:caja                     -3041.60

2020/07/10 ecogas 03/2020 con vto 06/07/2020
    expenses:servicios:ecogas         4049.98
    assets:caja                      -4049.98

2020/07/10 aguas 6-7/2020 con vto 14/7 y 19/8
    expenses:servicios:aguas cordobesas         1492.44
    assets:caja                                -1492.44

2020/07/10 saco reserva
    assets:caja             $10000
    assets:reserva         $-10000

2020/07/10 remis cami
    expenses:cami:extras             500
    assets:caja                     -500

2020/07/11 lanas isabel
    expenses:isabel             400
    assets:caja                -400

2020/07/11 sandwich
    expenses:comida             500
    assets:caja                -500

2020/07/12 comida gatos
    expenses:comida:gatos             700
    assets:caja                      -700

2020/07/13 cami semana
    expenses:cami:comida            2000
    expenses:cami:mesada            1500
    assets:caja                    -3500

2020/07/13 saco reserva
    assets:caja             $10000
    assets:reserva         $-10000

2020/07/13 ingresos
    assets:reserva                      50000
    income:retiro sociedad          -50000

2020/07/13 saco reserva
    assets:caja              50000
    assets:reserva          -50000

2020/07/13 compras cumple romi
    expenses:comida            2602
    assets:caja               -2602

2020/07/13 copia de llave
    expenses:casa:mantenimiento             150
    assets:caja                            -150

2020/07/13 ospe julio/2020
    expenses:servicios:OSPE           22879
    assets:caja                      -22879

2020/07/13 vivero los tulipanes
    expenses:isabel             660
    assets:caja                -660

2020/07/13 carusso julio/2020
    expenses:servicios:carusso         1210.11
    assets:caja                       -1210.11

2020/07/13 rio shop
    expenses:isabel          214.38
    assets:caja             -214.38

2020/07/13 rio shop
    expenses:isabel           329.7
    assets:caja              -329.7

2020/07/13 comida plan zeta
    expenses:comida         6378.46
    assets:caja            -6378.46

2020/07/13 comida plan zeta
    expenses:comida         2917.76
    assets:caja            -2917.76

2020/07/13 moda marques
    expenses:isabel             944
    assets:caja                -944

2020/07/13 vivero los tulipanes
    expenses:isabel             242
    assets:caja                -242

2020/07/13 tyc electronica
    expenses:isabel            1116
    assets:caja               -1116

2020/07/13 calefactor
    expenses:casa:mantenimiento           813.6
    assets:caja                          -813.6

2020/07/13 netflix
    expenses:servicios:netflix          476.02
    assets:caja                        -476.02

2020/07/13 seguro auto
    expenses:servicios:la caja seguros            2302
    assets:caja                                  -2302

2020/07/13 tyc electronica
    expenses:isabel             983
    assets:caja                -983

2020/07/13 comida plan zeta
    expenses:comida            2925
    assets:caja               -2925

2020/07/13 cuota telefono
    expenses:cami:extras         4499.83
    assets:caja                 -4499.83

2020/07/13 cuota sillon computadora
    expenses:cami:extras          555.44
    assets:caja                  -555.44

2020/07/13 gastos tarjeta naranja
    expenses:servicios:tarjeta naranja gastos fijos          1162
    assets:caja                                             -1162
    

2020/07/14 comida cumple romi
    expenses:comida          2000
    assets:caja           -2000.0

2020/07/15 remedios ih
    expenses:gastos medicos:farmacia            1000
    assets:caja                                -1000

2020/07/14 peluqueria
    expenses:isabel                 700
    expenses:peluqueria             200
    assets:caja                    -900

2020/07/15 faltante caja
    expenses:diferencia arqueo           97.88
    assets:caja                         -97.88

2020/07/16 ingresos
    assets:reserva                   30000
    income:retiro sociedad          -30000

2020/07/16 dentista
    expenses:gastos medicos:odontologia            1700
    assets:caja                                   -1700

2020/07/16 ayuda
    expenses:comida:ayuda              60
    assets:caja                       -60

2020/07/16 remedios
    expenses:gastos medicos:farmacia          2340
    assets:caja                            -2340.0

2020/07/16 a cuenta ife
    assets:deudas ih          2800
    assets:caja            -2800.0

2020/07/16 saco reserva
    assets:caja         $10000.0
    assets:reserva     $-10000.0

2020/07/16 perdidos inexplicablemente
    expenses:diferencia arqueo           500
    assets:caja                       -500.0

2020/07/16 comida lomito
    expenses:comida           640
    assets:caja            -640.0

2020/07/17 nafta
    expenses:transporte:nafta          1000
    assets:caja                     -1000.0

2020/07/17 macetas
    expenses:isabel           700
    assets:caja            -700.0

2020/07/17 faltante de caja
    expenses:diferencia arqueo           100
    assets:caja                       -100.0

2020/07/18 comida pan
    expenses:comida            80
    assets:caja             -80.0

2020/07/18 comida gatos
    expenses:comida:gatos           600
    assets:caja                  -600.0

2020/07/20 funda celular Cami
    expenses:cami:extras        $500.0
    assets:caja                $-500.0

2020/07/18 remis cami
    expenses:cami:extras        $500.0
    assets:caja                $-500.0

2020/07/20 comida
    expenses:comida           600
    assets:caja            -600.0

2020/07/21 saco reserva
    assets:caja         $10000.0
    assets:reserva     $-10000.0

2020/07/21 mesada isabel
    expenses:isabel          1000
    assets:caja           -1000.0

2020/07/21 comida
    expenses:comida          4050
    assets:caja           -4050.0

2020/07/21 comida
    expenses:comida           200
    assets:caja            -200.0

2020/07/21 pilas balanza
    expenses:isabel           300
    assets:caja            -300.0

2020/07/22 cami semana
    expenses:cami:comida          2000
    expenses:cami:mesada          1500
    assets:caja                  -3500

2020/07/22 pico patio
    expenses:casa:mantenimiento           530
    assets:caja                        -530.0

2020/07/22 pilas balanzas
    expenses:cami:extras           500
    assets:caja                 -500.0

2020/07/22 varios
    expenses:isabel           100
    assets:caja            -100.0

2020/07/23 ayuda
    expenses:comida:ayuda            80
    assets:caja                   -80.0

2020/07/23 comida
    expenses:comida           100
    assets:caja            -100.0

2020/07/23 lanas
    expenses:isabel             500
    assets:caja                -500

2020/07/23 ropa gorro
    expenses:personal:ropa             400
    assets:caja                       -400

2020/07/25 lanas
    expenses:isabel             200
    assets:caja                -200

2020/07/25 comida gatos
    expenses:comida:gatos            $600
    assets:caja                     $-600

2020/07/25 remis cami
    expenses:cami:extras          $500.0
    assets:caja                  $-500.0

2020/07/25 bicis cami
    expenses:cami:extras          $500.0
    assets:caja                  $-500.0

2020/07/25 saco reserva
    assets:caja           $10000.0
    assets:reserva       $-10000.0

2020/07/25 ingresos
    assets:reserva                  $30000
    income:retiro sociedad         $-30000

2020/07/27 migral
    expenses:gastos medicos:farmacia             400
    assets:caja                                 -400

2020/07/27 prestamo isabel
    assets:deudas ih            $600
    assets:caja                $-600

2020/07/27 taxi hp isabel
    expenses:transporte:remis             700
    assets:caja                    -700

2020/07/27 lomito
    expenses:comida             400
    assets:caja                -400

2020/07/27 mesada ih
    expenses:isabel           $1000
    assets:caja              $-1000

2020/07/29 cami semana
    expenses:cami:comida            2000
    expenses:cami:mesada            1500
    assets:caja                    -3500

2020/07/29 compra hiper comida
    expenses:comida            9240
    assets:caja               -9240

2020/07/29 saco reserva
    assets:caja           $10000.0
    assets:reserva       $-10000.0

2020/07/29 devolucion prestamo ih
    assets:caja                  400
    assets:deudas ih            -400

2020/07/29 mesada ih
    expenses:isabel           $1000
    assets:caja              $-1000

2020/07/29 comida
    expenses:comida            1390
    assets:caja               -1390

2020/07/30 ayuda
    expenses:comida:ayuda              60
    assets:caja                       -60

2020/07/31 devuelve ih
    assets:caja                  200
    assets:deudas ih            -200

2020/07/31 lomitos
    expenses:comida             670
    assets:caja                -670

2020/08/01 pan
    expenses:comida             300
    assets:caja                -300

2020/08/01 comida
    expenses:comida            1630
    assets:caja               -1630

2020/08/01 saco reserva
    assets:caja           $10000.0
    assets:reserva       $-10000.0

2020/08/03 pan
    expenses:comida             100
    assets:caja                -100

2020/08/03 isabel pinturas
    expenses:isabel             190
    assets:caja                -190

2020/08/05 cami semana
    expenses:cami:comida            2000
    expenses:cami:mesada            1500
    assets:caja                    -3500

2020/08/05 retiro sociedad
    assets:reserva                   30000
    income:retiro sociedad          -30000

2020/08/05 ih garbarino
    expenses:isabel            1810
    assets:caja               -1810

2020/08/05 orejas perros
    expenses:comida:gatos             110
    assets:caja                      -110

2020/08/05 camila regalo eugenio
    expenses:cami:extras             350
    assets:caja                     -350

2020/08/05 ih regalo eugenio
    expenses:isabel            1150
    assets:caja               -1150

2020/08/05 isabel pinturas
    expenses:isabel              70
    assets:caja                 -70

2020/08/05 cami rociador caño
    expenses:cami:extras             100
    assets:caja                     -100

2020/08/05 caño cami
    expenses:cami:extras            1000
    assets:caja                    -1000

2020/08/05 saco reserva
    assets:caja              30000
    assets:reserva          -30000

2020/08/05 fibertel 08/2020
    expenses:servicios:fibertel           $1730
    assets:caja                          $-1730

2020/08/05 cami cuota sillon
    expenses:cami:extras         $555.44
    assets:caja                 $-555.44

2020/08/05 cami cuota telefono
    expenses:cami:extras        $4499.83
    assets:caja                $-4499.83

2020/08/05 cuota calefactor
    expenses:casa:mantenimiento          $813.6
    assets:caja                         $-813.6

2020/08/05 comida plan z
    expenses:comida        $6378.46
    assets:caja           $-6378.46

2020/08/05 rio shop
    expenses:isabel         $214.38
    assets:caja            $-214.38

2020/08/05 seguro auto
    expenses:servicios:la caja seguros           $2302
    assets:caja                                 $-2302

2020/08/05 netflix
    expenses:servicios:netflix         $476.02
    assets:caja                       $-476.02

2020/08/05 comida plan z
    expenses:comida         7193.46
    assets:caja            -7193.46

2020/08/05 cerraduras frente y fondo
    expenses:casa:mantenimiento            2000
    assets:caja                           -2000

2020/08/05 carusso Agosto/2020
    expenses:servicios:carusso        $1210.11
    assets:caja                      $-1210.11

2020/08/05 gastos tarjeta naranja
    expenses:servicios:tarjeta naranja gastos fijos          376.19
    assets:caja                                             -376.19

2020/08/06 ayuda
    expenses:comida:ayuda              70
    assets:caja                       -70

2020/08/07 ih carla
    expenses:isabel             700
    assets:caja            -700

2020/08/07 saco reserva
    assets:caja              10000
    assets:reserva          -10000

2020/08/07 nafta
    expenses:transporte:nafta           $1000
    assets:caja                        $-1000

2020/08/07 farmacia
    expenses:gastos medicos:farmacia            2651
    assets:caja                                -2651

2020/08/07 pan
    expenses:comida              65
    assets:caja                 -65

2020/08/07 torta euge
    expenses:isabel             684
    assets:caja                -684

2020/08/07 barbijo
    expenses:isabel             100
    assets:caja                -100

2020/08/07 comida gatos
    expenses:comida:gatos             750
    assets:caja                      -750


2020/08/07 comida
    expenses:comida            1990
    assets:caja               -1990

2020/08/07 yerba isabel
    expenses:isabel             250
    assets:caja                -250

2020/08/08 isabel afiches
    expenses:isabel             260
    assets:caja                -260

2020/08/08 lomitos
    expenses:comida             730
    assets:caja                -730

2020/08/08 remi romi
    expenses:romi             250
    assets:caja              -250

2020/08/08 facturas
    expenses:comida             300
    assets:caja                -300

2020/08/10 pan
    expenses:comida             200
    assets:caja                -200

2020/08/10 saco reserva
    assets:caja             $10000
    assets:reserva         $-10000

2020/08/10 cami saldo caño
    expenses:cami:extras            3500
    assets:caja                    -3500

2020/08/10 cami valija
    expenses:cami:extras           $1000
    assets:caja                   $-1000

2020/08/10 cami mesada
    expenses:cami:mesada            1500
    assets:caja                    -1500

2020/08/10 ih disfraz
    expenses:isabel             500
    assets:caja                -500

2020/08/10 ingresos
    assets:reserva                  $30000
    income:retiro sociedad         $-30000

2020/08/10 comida
    expenses:comida            4320
    assets:caja               -4320

2020/08/10 remedios
    expenses:gastos medicos:farmacia            4102
    assets:caja                                -4102

2020/08/10 saco reserva
    assets:caja             $10000
    assets:reserva         $-10000

2020/08/10 romi taxi
    expenses:romi            $250
    assets:caja             $-250

2020/08/11 comida cami
    expenses:cami:comida            2000
    assets:caja                    -2000

2020/08/13 comida
    expenses:comida             520
    assets:caja                -520

2020/08/13 ayuda
    expenses:comida:ayuda              60
    assets:caja                       -60

2020/08/13 mesada ih
    expenses:isabel           $1000
    assets:caja              $-1000

2020/08/13 comida
    expenses:comida             900
    assets:caja                -900

2020/08/13 regalos
    expenses:isabel             900
    assets:caja                -900

2020/08/13 comida
    expenses:comida             400
    assets:caja                -400

2020/08/13 plantas
    expenses:isabel             300
    assets:caja                -300

2020/08/14 lomito
    expenses:comida             750
    assets:caja                -750

2020/08/15 limpieza
    expenses:comida:limpieza             200
    assets:caja                         -200

2020/08/15 comida gatos
    expenses:comida:gatos             680
    assets:caja                      -680

2020/08/16 comida
    expenses:comida             300
    assets:caja                -300

2020/08/16 mesada cami
    expenses:cami:mesada           $1500
    assets:caja                   $-1500

2020/08/16 comida
    expenses:comida            $300
    assets:caja               $-300

2020/08/16 taxi cami
    expenses:cami:extras             500
    assets:caja                     -500

2020/08/16 saco reserva
    assets:caja             $10000
    assets:reserva         $-10000

2020/08/16 romi
    expenses:romi             600
    assets:caja              -600

2020/08/16 cami
    expenses:cami:extras             600
    assets:caja                     -600

2020/08/17 isabel mesada
    expenses:isabel           $1000
    assets:caja              $-1000

2020/08/17 prestamo isabel
    assets:deudas ih            3600
    assets:caja                -3600

2020/08/17 pan
    expenses:comida             150
    assets:caja                -150

2020/08/17 isabel
    expenses:isabel             500
    assets:caja                -500

2020/08/18 pan
    expenses:comida             120
    assets:caja                -120

2020/08/19 ingresos
    assets:reserva                  $30000
    income:retiro sociedad         $-30000

2020/08/19 saco reserva
    assets:caja             $10000
    assets:reserva         $-10000

2020/08/19 comida cami
    expenses:cami:comida            2200
    assets:caja                    -2200

2020/08/20 ingresos
    assets:reserva                   40000
    income:retiro sociedad          -40000

2020/08/20 farmacia
    expenses:gastos medicos:farmacia             350
    assets:caja                                 -350

2020/08/20 ayuda
    expenses:comida:ayuda             $60
    assets:caja                      $-60

2020/08/20 ospe
    expenses:servicios:OSPE          $22879
    assets:caja                     $-22879

2020/08/20 ecogas 03/2020 con vto 03/08/2020
    expenses:servicios:ecogas         3975.73
    assets:caja                      -3975.73

2020/08/20 claro
    expenses:servicios:claro        $3041.60
    assets:caja                    $-3041.60

2020/08/20 mun auto 2020/4-5-6
    expenses:impuestos:bora         1635.09
    assets:caja                    -1635.09

2020/08/20 impuestos casa 2020-6 al 12
    expenses:impuestos:casa:municipal         3663.88
    assets:caja                              -3663.88

2020/08/20 dgr casa 2020/06-07
    expenses:impuestos:casa:dgr          2296.2
    assets:caja                         -2296.2

2020/08/20 saco reserva
    assets:caja             40000
    assets:reserva         -40000

2020/08/20 sandwich
    expenses:comida             470
    assets:caja                -470

2020/08/21 prestamo isabel
    assets:deudas ih            2000
    assets:caja                -2000

2020/08/21 zapas cami
    expenses:cami:extras            3500
    assets:caja                    -3500

2020/08/21 ih
    expenses:isabel             100
    assets:caja                -100

2020/08/23 facturas
    expenses:comida            $300
    assets:caja               $-300

2020/08/23 prestamo romi
    assets:deudas romi            6000
    assets:caja                  -6000

2020/08/23 pan
    expenses:comida             500
    assets:caja                -500

2020/08/23 saco reserva
    assets:caja              10000
    assets:reserva          -10000

2020/08/24 comida
    expenses:comida            1370
    assets:caja               -1370

2020/08/24 ladrillos placard
    expenses:casa:refacciones            1400
    assets:caja                         -1400

2020/08/24 tarugos
    expenses:casa:mantenimiento             100
    assets:caja                            -100

2020/08/24 mesada isabel
    expenses:isabel           $1000
    assets:caja              $-1000

2020/08/24 dif arqueo
    expenses:diferencia arqueo           87.01
    assets:caja                         -87.01

2020/08/25 comida camila
    expenses:cami:comida            2000
    assets:caja                    -2000

2020/08/26 comida verdura
    expenses:comida             896
    assets:caja                -896

2020/08/26 epec agosto/2020
    expenses:servicios:epec          3981.7
    assets:caja                     -3981.7

2020/08/26 aguas 08-09/2020 con vto 15/9 y 15/10
    expenses:servicios:aguas cordobesas         1531.22
    assets:caja                                -1531.22

2020/08/26 saco reserva
    assets:caja             $10000
    assets:reserva         $-10000

2020/08/26 ih plantas
    expenses:isabel             500
    assets:caja                -500

2020/08/27 gastos pintura dpto
    expenses:romi            1830
    assets:caja             -1830

2020/08/28 cami remi
    expenses:cami:extras             300
    assets:caja                     -300

2020/08/28 romi taxi
    expenses:romi             300
    assets:caja              -300

2020/08/28 ingresos
    assets:reserva                   10000
    income:retiro sociedad          -10000

2020/08/28 saco reservas
    assets:caja             $10000
    assets:reserva         $-10000

2020/08/28 puerta patio
    expenses:casa:mantenimiento            6500
    assets:caja                           -6500

2020/08/28 comida
    expenses:comida            2040
    assets:caja               -2040

2020/08/28 cemento
    expenses:casa:refacciones             300
    assets:caja                          -300

2020/08/28 dif
    expenses:diferencia arqueo             100
    assets:caja                           -100

2020/08/29 comida
    expenses:comida            2250
    assets:caja               -2250

2020/08/29 comida gatos
    expenses:comida:gatos             750
    assets:caja                      -750

2020/08/29 sandwich
    expenses:comida             770
    assets:caja                -770

2020/08/31 ingresos
    assets:reserva                   30000
    income:retiro sociedad          -30000

2020/08/31 saco reservas
    assets:caja             $10000
    assets:reserva         $-10000

2020/08/31 planta
    expenses:personal            $300
    assets:caja                 $-300

2020/08/31 mesada ih
    expenses:isabel           $1000
    assets:caja              $-1000

2020/08/31 comida
    expenses:comida            1000
    assets:caja               -1000

2020/08/31 mesada cami
    expenses:cami:mesada           $1500
    assets:caja                   $-1500

2020/08/31 comida cami
    expenses:cami:comida            2000
    assets:caja                    -2000

2020/09/01 cami mesada 25/08
    expenses:cami:mesada           $1500
    assets:caja                   $-1500

2020/09/01 cami desayuno
    expenses:cami:extras             500
    assets:caja                     -500

2020/09/01 ingresos
    assets:reserva                   10000
    income:retiro sociedad          -10000

2020/09/01 m.o. puerta patio
    expenses:casa:mantenimiento            2500
    assets:caja                           -2500

2020/09/01 farmacia
    expenses:gastos medicos:farmacia             830
    assets:caja                                 -830

2020/09/01 plantas
    expenses:isabel             340
    assets:caja                -340

2020/09/01 garbarino
    expenses:isabel            1600
    assets:caja               -1600

2020/09/01 saco reserva
    assets:caja             $10000
    assets:reserva         $-10000

2020/09/03 ingresos
    assets:reserva                   30000
    income:retiro sociedad          -30000

2020/09/03 saco reserva
    assets:caja             $10000
    assets:reserva         $-10000

2020/09/03 materiales tapia
    expenses:casa:mantenimiento            9700
    assets:caja                           -9700

2020/09/03 materiales tapia
    expenses:casa:mantenimiento             650
    assets:caja                            -650

2020/09/03 materiales tapia
    expenses:casa:mantenimiento            1230
    assets:caja                           -1230

2020/09/03 materiales tapia
    expenses:casa:mantenimiento             755
    assets:caja                            -755

2020/09/03 ayuda
    expenses:comida:ayuda              60
    assets:caja                       -60

2020/09/03 a cuenta reparacion cocina
    expenses:casa:mantenimiento           15000
    assets:caja                          -15000

2020/09/03 saco reserva
    assets:caja             $10000
    assets:reserva         $-10000

2020/09/03 saco reserva
    assets:caja             $10000
    assets:reserva         $-10000

2020/09/03 materiales tapia
    expenses:casa:mantenimiento             600
    assets:caja                            -600

2020/09/03 comida
    expenses:comida             670
    assets:caja                -670

2020/09/04 farmacia
    expenses:gastos medicos:farmacia             260
    assets:caja                                 -260

2020/09/04 nafta
    expenses:transporte:nafta           $1000
    assets:caja                        $-1000

2020/09/04 mesada ih
    expenses:isabel           $1000
    assets:caja              $-1000

2020/09/04 ingresos
    assets:reserva                   20000
    income:retiro sociedad          -20000

2020/09/04 saco reserva
    assets:caja              20000
    assets:reserva          -20000

2020/09/04 mano obra tapia
    expenses:casa:mantenimiento           15000
    assets:caja                          -15000

2020/09/04 mano de obra cambio caños cocina
    expenses:casa:mantenimiento           30000
    assets:caja                          -30000

2020/09/04 materiales tapia
    expenses:casa:mantenimiento              70
    assets:caja                             -70

2020/09/04 saco reserva
    assets:caja             $20000
    assets:reserva         $-20000

2020/09/04 lomitos
    expenses:comida             900
    assets:caja                -900

2020/09/03 ingresos
    assets:reserva                   10000
    income:retiro sociedad          -10000

2020/09/06 ingresos
    assets:reserva                   30000
    income:retiro sociedad          -30000


2020/09/06 material para obra cocina
    expenses:casa:mantenimiento           20100
    assets:caja                          -20100

2020/09/06 saco reserva
    assets:caja              10000
    assets:reserva          -10000



2020/09/06 saco reserva
    assets:caja              20000
    assets:reserva          -20000

2020/09/06 facturas
    expenses:comida            $300
    assets:caja               $-300

2020/09/07 mesada cami
    expenses:cami:mesada           $1500
    assets:caja                   $-1500

2020/09/07 comida cami
    expenses:cami:comida           $2000
    assets:caja                   $-2000

2020/09/07 fiambre
    expenses:comida            1000
    assets:caja               -1000

2020/09/07 dif
    expenses:diferencia arqueo              46
    assets:caja                            -46

2020/09/08 ingresos
    assets:reserva                   20000
    income:retiro sociedad          -20000

2020/09/08 extras cami
    expenses:cami:extras            1000
    assets:caja                    -1000

2020/09/08 extras romi
    expenses:romi            1000
    assets:caja             -1000

2020/09/08 materiales electricos
    expenses:casa:mantenimiento             630
    assets:caja                            -630

2020/09/10 materiales electricos
    expenses:casa:mantenimiento             200
    assets:caja                            -200

2020/09/10 mano de obra electricista
    expenses:casa:mantenimiento             800
    assets:caja                            -800

2020/09/10 adelanto mano obra puesta piso
    expenses:casa:mantenimiento           10000
    assets:caja                          -10000

2020/09/10 ingresos
    assets:reserva                   10000
    income:retiro sociedad          -10000

2020/09/10 saco reserva
    assets:caja             $10000
    assets:reserva         $-10000

2020/09/08 fibertel set/2020
    expenses:servicios:fibertel            1925
    assets:caja                           -1925

2020/09/08 cami cuota telefono
    expenses:cami:extras        $4499.83
    assets:caja                $-4499.83

2020/09/08 cuota calefactor
    expenses:casa:mantenimiento          $813.6
    assets:caja                         $-813.6

2020/09/08 rio shop
    expenses:isabel         $214.38
    assets:caja            $-214.38

2020/09/08 comida plan z
    expenses:comida         7193.47
    assets:caja            -7193.47

2020/09/08 seguro auto
    expenses:servicios:la caja seguros            2596
    assets:caja                                  -2596

2020/09/08 netflix
    expenses:servicios:netflix         $476.02
    assets:caja                       $-476.02

2020/09/08 hiper libertad
    expenses:comida         1238.45
    assets:caja            -1238.45

2020/09/08 carusso Setiembre/2020
    expenses:servicios:carusso        $1210.11
    assets:caja                      $-1210.11

2020/09/08 gastos tarjeta naranja
    expenses:servicios:tarjeta naranja gastos fijos          373.27
    assets:caja                                             -373.27

2020/09/08 saco reserva
    assets:caja              20000
    assets:reserva          -20000

2020/09/10 ayuda
    expenses:comida:ayuda              50
    assets:caja                       -50

2020/09/10 saco reserva
    assets:caja             $10000
    assets:reserva         $-10000

2020/09/10 expensas dpto jujuy (ultima)
    expenses:romi            3200
    assets:caja             -3200

2020/09/10 ingresos
    assets:reserva                   30000
    income:retiro sociedad          -30000


2020/09/11 materiales pisos
    expenses:casa:mantenimiento            2280
    assets:caja                           -2280

2020/09/11 comida gatos
    expenses:comida:gatos             600
    assets:caja                      -600

2020/09/10 comida
    expenses:comida            $400
    assets:caja               $-400

2020/09/11 comida
    expenses:comida            740
    assets:caja               -740

2020/09/11 saco reserva
    assets:caja             $10000
    assets:reserva         $-10000

2020/09/11 cami extra
    expenses:cami:extras             500
    assets:caja                     -500

2020/09/11 material piso
    expenses:casa:mantenimiento             220
    assets:caja                            -220

2020/09/11 farmacia
    expenses:gastos medicos:farmacia            1951
    assets:caja                                -1951

2020/09/13 comida
    expenses:comida            1730
    assets:caja               -1730

2020/09/13 arreglo porton del fondo
    expenses:casa:mantenimiento            5500
    assets:caja                           -5500

2020/09/12 saco reserva
    assets:caja              20000
    assets:reserva          -20000

2020/09/12 mano de obra pisos
    expenses:casa:mantenimiento           19000
    assets:caja                          -19000

2020/09/13 dif
    expenses:diferencia arqueo           28.95
    assets:caja                         -28.95

2020/08/26 ingresos
    assets:reserva                    2500
    income:retiro sociedad           -2500

2020/08/26 saco reserva
    assets:caja               2500
    assets:reserva           -2500

2020/08/26 arreglo baul auto
    expenses:transporte:reparacion auto            2500
    assets:caja                                   -2500

2020/08/25 ingresos
    assets:reserva                   13300
    income:retiro sociedad          -13300

2020/08/25 saco reserva
    assets:caja              13300
    assets:reserva          -13300

2020/08/25 compra dolares
    expenses:compra dolares           13300
    assets:caja                      -13300

2020/08/25 compra dolares
    assets:reserva u$s            u$s    100
    income:compra dolares         u$s   -100

2020/09/14 extra cami
    expenses:cami:extras            $500
    assets:caja                    $-500

2020/09/14 comida
    expenses:comida             500
    assets:caja                -500

2020/09/15 materiales arreglos varios
    expenses:casa:mantenimiento            3000
    assets:caja                           -3000

2020/09/15 farmacia
    expenses:gastos medicos:farmacia            3420
    assets:caja                                -3420

2020/09/16 saldo mano obra y materiales plomeria
    expenses:casa:mantenimiento           21200
    assets:caja                          -21200

2020/09/16 materiales tapia fondo
    expenses:casa:mantenimiento            9610
    assets:caja                           -9610

2020/09/16 cami portavasos
    expenses:cami:extras             350
    assets:caja                     -350

2020/09/16 saco reserva
    assets:caja              40000
    assets:reserva          -40000

2020/09/16 cuadro
    expenses:casa:mantenimiento             800
    assets:caja                            -800

2020/09/16 ingresos
    assets:reserva                   20000
    income:retiro sociedad          -20000

2020/09/15 ingresos
    assets:reserva                   50000
    income:retiro sociedad          -50000

2020/09/16 saco reserva
    assets:caja              10000
    assets:reserva          -10000

2020/09/15 a cuenta materiales muebles cocina
    expenses:casa:mantenimiento            6000
    assets:caja                           -6000

2020/09/16 cami comida
    expenses:cami:comida            4000
    assets:caja                    -4000

2020/09/16 cami mesada
    expenses:cami:mesada           $1500
    assets:caja                   $-1500

2020/09/16 mesada ih
    expenses:isabel           $1000
    assets:caja              $-1000

2020/09/16 pan
    expenses:comida             100
    assets:caja                -100

2020/09/16 material tapia fondo
    expenses:casa:mantenimiento            2850
    assets:caja                           -2850

2020/09/16 papel higienico y papel cocina
    expenses:comida            1600
    assets:caja               -1600

2020/09/16 saco reserva
    assets:caja              10000
    assets:reserva          -10000

2020/09/17 ayuda
    expenses:comida:ayuda              50
    assets:caja                       -50

2020/09/17 ih
    expenses:isabel             400
    assets:caja                -400

2020/09/17 comida
    expenses:comida             400
    assets:caja                -400

2020/09/04 ingresos
    assets:reserva                     200
    income:retiro sociedad            -200

2020/09/04 saco reserva
    assets:caja                200
    assets:reserva            -200

2020/09/04 comida
    expenses:comida             200
    assets:caja                -200

2020/09/17 mano de obra pintura porton
    expenses:casa:mantenimiento            2500
    assets:caja                           -2500

2020/09/18 comida
    expenses:comida             500
    assets:caja                -500

2020/09/18 ih
    expenses:isabel             700
    assets:caja                -700

2020/09/18 peluqueria
    expenses:peluqueria             200
    assets:caja                    -200

2020/09/18 materiales tapia
    expenses:casa:mantenimiento            220
    assets:caja                           -220

2020/09/19 ingresos
    assets:reserva                   30000
    income:retiro sociedad          -30000

2020/09/19 saco reserva
    assets:caja              10000
    assets:reserva          -10000

2020/09/18 epec set/2020
    expenses:servicios:epec          3863.5
    assets:caja                     -3863.5

2020/09/18 epec dpto boletas atrasadas
    expenses:romi            1358
    assets:caja             -1358

2020/09/19 materiales pintar cocina
    expenses:casa:mantenimiento            2000
    assets:caja                           -2000

2020/09/19 comida
    expenses:comida             270
    assets:caja                -270

2020/09/20 facturas
    expenses:comida             250
    assets:caja                -250

2020/09/21 ih mesada
    expenses:isabel           $1000
    assets:caja              $-1000

2020/09/19 saco reserva
    assets:caja              30000
    assets:reserva          -30000

2020/09/19 mano obra tapia fondo
    expenses:casa:mantenimiento           25000
    assets:caja                          -25000

2020/09/21 mesada cami
    expenses:cami:mesada           $1500
    assets:caja                   $-1500

2020/09/21 comida cami
    expenses:cami:comida            2000
    assets:caja                    -2000


2020/09/21 ih caños
    expenses:ih             180
    assets:caja            -180

2020/09/21 comida super
    expenses:comida            1510
    assets:caja               -1510

2020/09/21 comida fruta
    expenses:comida             100
    assets:caja                -100

2020/09/21 comida gatos
    expenses:comida:gatos            $600
    assets:caja                     $-600

2020/09/21 comida limpieza
    expenses:comida:limpieza             400
    assets:caja                         -400

2020/09/21 materiales mesada cocina
    expenses:casa:mantenimiento             400
    assets:caja                            -400

2020/09/22 farmacia
    expenses:gastos medicos:farmacia             850
    assets:caja                                 -850

2020/09/23 ingresos
    assets:reserva                  $30000
    income:retiro sociedad         $-30000

2020/09/23 saco reserva
    assets:caja             $10000
    assets:reserva         $-10000

2020/09/23 llevada de escombros
    expenses:casa:mantenimiento            2200
    assets:caja                           -2200

2020/09/23 mano de obra y materiales tejas y limpieza tanque
    expenses:casa:mantenimiento            3500
    assets:caja                           -3500

2020/09/23 ih ojotas
    expenses:isabel             800
    assets:caja                -800

2020/09/24 comida
    expenses:comida            4900
    assets:caja               -4900

2020/09/24 recupero deuda
    assets:caja                 1900
    assets:deudas ih           -1900

2020/09/24 comida
    expenses:comida            1900
    assets:caja               -1900

2020/09/24 ingresos
    assets:reserva                  $30000
    income:retiro sociedad         $-30000

2020/09/24 saco reserva
    assets:caja             $10000
    assets:reserva         $-10000

2020/09/24 garbarino
    expenses:isabel            1800
    assets:caja               -1800

2020/09/24 claro
    expenses:servicios:claro         3041.23
    assets:caja                     -3041.23

2020/09/24 ospe
    expenses:servicios:OSPE          $22879
    assets:caja                     $-22879

2020/09/24 ecogas 2020/04 vto 07/09
    expenses:servicios:ecogas         4746.89
    assets:caja                      -4746.89

2020/09/24 dgr casa 2020/08-09
    expenses:impuestos:casa:dgr          1577.5
    assets:caja                         -1577.5

2020/09/24 saco reserva
    assets:caja              30000
    assets:reserva          -30000

2020/09/24 nafta
    expenses:transporte:nafta           $1000
    assets:caja                        $-1000

2020/09/25 prestamo ih
    assets:deudas ih            2000
    assets:caja                -2000

2020/09/25 recupero prestamo ih
    assets:caja                 4200
    assets:deudas ih           -4200

2020/09/25 a cuenta mesa y sillas
    expenses:casa:mantenimiento            4200
    assets:caja                           -4200

2020/09/28 ih mesada
    expenses:isabel           $1000
    assets:caja              $-1000

2020/09/27 facturas
    expenses:comida             300
    assets:caja                -300

2020/09/29 farmacia
    expenses:gastos medicos:farmacia             420
    assets:caja                                 -420

2020/09/28 gatos
    expenses:comida:gatos            $600
    assets:caja                     $-600

2020/09/27 pan
    expenses:comida              50
    assets:caja                 -50

2020/09/27 comida
    expenses:comida             300
    assets:caja                -300

2020/09/30 ingresos
    assets:reserva                  $30000
    income:retiro sociedad         $-30000

2020/09/30 saco reserva
    assets:caja              20000
    assets:reserva          -20000

2020/09/30 comida camila
    expenses:cami:comida           $2000
    assets:caja                   $-2000

2020/09/30 mesada camila
    expenses:cami:mesada            2000
    assets:caja                    -2000

2020/10/01 materiales electricos
    expenses:casa:mantenimiento              60
    assets:caja                             -60

2020/10/01 ayuda
    expenses:comida:ayuda              60
    assets:caja                       -60

2020/10/01 peluqueria lady
    expenses:comida:gatos             450
    assets:caja                      -450

2020/10/01 comida
    expenses:comida             150
    assets:caja                -150

2020/10/01 lavado auto
    expenses:transporte:lavado             300
    assets:caja                           -300

2020/10/02 comida
    expenses:comida            1000
    assets:caja               -1000

2020/10/02 mesa y sillas
    expenses:casa:mantenimiento            9100
    assets:caja                           -9100


2020/10/05 jardinero
    expenses:casa:mantenimiento:jardineria            2000
    assets:caja                                      -2000

2020/10/04 comida
    expenses:comida            1140
    assets:caja               -1140

2020/10/03 a cta muebles de cocina
    expenses:casa:mantenimiento            1500
    assets:caja                           -1500

2020/10/05 mesada cami
    expenses:cami:mesada            2000
    assets:caja                    -2000

2020/10/05 comida cami
    expenses:cami:comida           $2000
    assets:caja                   $-2000

2020/10/05 ih mesada
    expenses:isabel           $1000
    assets:caja              $-1000

2020/10/05 saco reserva
    assets:caja              10000
    assets:reserva          -10000

2020/10/06 limpieza
    expenses:comida:limpieza             100
    assets:caja                         -100

2020/10/07 materiales electricos
    expenses:casa:mantenimiento             650
    assets:caja                            -650

2020/10/07 electricista
    expenses:casa:mantenimiento            $800
    assets:caja                           $-800

2020/10/07 saco reserva
    assets:caja              30000
    assets:reserva          -30000

2020/10/06 saco reserva
    assets:caja              10000
    assets:reserva          -10000

2020/10/06 saldo muebles de cocina
    expenses:casa:mantenimiento           10000
    assets:caja                          -10000

2020/10/07 amortiguadores auto
    expenses:transporte:reparacion auto           29100
    assets:caja                                  -29100

2020/10/08 pan
    expenses:comida             100
    assets:caja                -100

2020/10/08 verdura
    expenses:comida            1630
    assets:caja               -1630

2020/10/08 ayuda
    expenses:comida:ayuda              50
    assets:caja                       -50

2020/10/08 comida gatos
    expenses:comida:gatos            $600
    assets:caja                     $-600

2020/10/08 facturas
    expenses:comida             460
    assets:caja                -460

2020/10/10 ingresos
    assets:reserva                   30000
    income:retiro sociedad          -30000

2020/10/12 recupero prestamo ih
    assets:caja                 3170
    assets:deudas ih           -3170

2020/10/12 comida
    expenses:comida            3170
    assets:caja               -3170

2020/10/11 lomito
    expenses:comida             520
    assets:caja                -520

2020/10/10 lomito
    expenses:comida             650
    assets:caja                -650

2020/10/10 saco reserva
    assets:caja              60000
    assets:reserva          -60000

2020/10/10 cielorraso cocina
    expenses:casa:mantenimiento           31700
    assets:caja                          -31700

2020/10/10 colocacion luces cocina
    expenses:casa:mantenimiento             800
    assets:caja                            -800

2020/10/10 farmacia
    expenses:gastos medicos:farmacia            3111
    assets:caja                                -3111

2020/10/10 comida
    expenses:comida            1140
    assets:caja               -1140

2020/10/10 farmacia h italiano
    expenses:gastos medicos:farmacia            3849
    assets:caja                                -3849

2020/10/10 ecogas 2020/04 vto 05/10/2020
    expenses:servicios:ecogas         4649.14
    assets:caja                      -4649.14

2020/10/10 fiberte
    expenses:servicios:fibertel         1532.49
    assets:caja                        -1532.49

2020/10/10 carusso
    expenses:servicios:carusso            1303
    assets:caja                          -1303

2020/10/10 cami cuota telefono
    expenses:cami:extras        $4499.83
    assets:caja                $-4499.83

2020/10/10 cuota calefactor
    expenses:casa:mantenimiento          $813.6
    assets:caja                         $-813.6

2020/10/10 rio shop
    expenses:isabel         $214.38
    assets:caja            $-214.38

2020/10/10 netflix
    expenses:servicios:netflix         $476.02
    assets:caja                       $-476.02

2020/10/10 seguro auto
    expenses:servicios:la caja seguros           $2596
    assets:caja                                 $-2596

2020/10/10 canilla cocina y dpto plan z
    expenses:casa:refacciones         3125.93
    assets:caja                      -3125.93

2020/10/10 gastos tarjeta naranja
    expenses:servicios:tarjeta naranja gastos fijos          771.96
    assets:caja                                             -771.96

2020/10/12 ingresos
    assets:reserva                  $30000
    income:retiro sociedad         $-30000

2020/10/12 saco reserva
    assets:caja              10000
    assets:reserva          -10000

2020/10/13 nafta
    expenses:transporte:nafta           $1000
    assets:caja                        $-1000

2020/10/13 remi
    expenses:transporte:remis             110
    assets:caja                          -110

2020/10/13 aceite y varios
    expenses:transporte:reparacion auto             800
    assets:caja                                    -800

2020/10/13 escobillas de parabrisas
    expenses:transporte:reparacion auto            1400
    assets:caja                                   -1400

2020/10/13 frenos
    expenses:transporte:reparacion auto            8300
    assets:caja                                   -8300

2020/10/13 ingresos
    assets:reserva                   20000
    income:retiro sociedad          -20000

2020/10/13 arreglo aire acondicionado bora
    expenses:transporte:reparacion auto           17700
    assets:caja                                  -17700

2020/10/13 mesada ih
    expenses:isabel           $1000
    assets:caja              $-1000

2020/10/13 mesada cami
    expenses:cami:mesada           $2000
    assets:caja                   $-2000

2020/10/13 comida cami
    expenses:cami:comida           $2000
    assets:caja                   $-2000

2020/10/13 saco reserva
    assets:caja              30000
    assets:reserva          -30000

2020/10/13 dif
    expenses:diferencia arqueo             100
    assets:caja                           -100

2020/10/15 amortiguadores baul
    expenses:transporte:reparacion auto            2400
    assets:caja                                   -2400

2020/10/16 pan
    expenses:comida                    $100
    assets:caja           $-100

2020/10/16 estacionamiento
    expenses:transporte:estacionamiento              20
    assets:caja                                     -20

2020/10/16 compra bidet
    expenses:casa:mantenimiento            5620
    assets:caja                           -5620

2020/10/16 carla peluquera
    expenses:isabel            1000
    assets:caja               -1000

2020/10/16 carne
    expenses:comida            2460
    assets:caja               -2460

2020/10/16 ingresos
    assets:reserva                    2460
    income:retiro sociedad           -2460

2020/10/16 saco reserva
    assets:caja               2460
    assets:reserva           -2460

2020/10/16 saco reserva
    assets:caja              10000
    assets:reserva          -10000

2020/10/15 ayuda
    expenses:comida:ayuda              40
    assets:caja                       -40

2020/10/16 enchufe
    expenses:casa:mantenimiento             200
    assets:caja                            -200

2020/10/16 gatos
    expenses:comida:gatos            $600
    assets:caja                     $-600

2020/10/16 comida
    expenses:comida             700
    assets:caja                -700

2020/10/17 mano de obra electricista
    expenses:casa:mantenimiento             700
    assets:caja                            -700

2020/10/17 recupero prestamo ih
    assets:caja                  431
    assets:deudas ih            -431

2020/10/17 farmacia
    expenses:gastos medicos:farmacia             431
    assets:caja                                 -431

2020/10/20 ingresos
    assets:reserva                   30000
    income:retiro sociedad          -30000

2020/10/20 saco reservas
    assets:caja             $10000
    assets:reserva         $-10000

2020/10/20 comida cami
    expenses:cami:comida           $2000
    assets:caja                   $-2000

2020/10/20 mesada cami
    expenses:cami:mesada           $2000
    assets:caja                   $-2000

2020/10/20 mesada ih
    expenses:isabel           $1000
    assets:caja              $-1000

2020/10/20 comida
    expenses:comida             500
    assets:caja                -500

2020/10/20 compras
    expenses:comida            6120
    assets:caja               -6120

2020/10/20 ropa
    expenses:personal:ropa             300
    assets:caja                       -300

2020/10/22 ingresos
    assets:reserva                  $30000
    income:retiro sociedad         $-30000

2020/10/22 saco reservas
    assets:caja              30000
    assets:reserva          -30000

2020/10/22 migral
    expenses:gastos medicos:farmacia             370
    assets:caja                                 -370

2020/10/22 liquido limpiar campana acero
    expenses:comida:limpieza            1100
    assets:caja                        -1100

2020/10/22 comida
    expenses:comida             100
    assets:caja                -100

2020/10/22 comida gatos
    expenses:comida:gatos             800
    assets:caja                      -800

2020/10/22 ayuda
    expenses:comida:ayuda              50
    assets:caja                       -50

2020/10/22 ospe
    expenses:servicios:OSPE          $22879
    assets:caja                     $-22879

2020/10/22 claro
    expenses:servicios:claro         1379.66
    assets:caja                     -1379.66

2020/10/22 dgr casa 2020/10-11-12
    expenses:impuestos:casa:dgr          2356.8
    assets:caja                         -2356.8

2020/10/22 saco reserva
    assets:caja              10000
    assets:reserva          -10000

2020/10/22 epec octubre/2020
    expenses:servicios:epec         3913.50
    assets:caja                    -3913.50

2020/10/22 aguas 10-11/2020 con vto 17/11 y 15/12
    expenses:servicios:aguas cordobesas         1704.33
    assets:caja                                -1704.33

2020/10/22 material arreglo bidet
    expenses:casa:mantenimiento             200
    assets:caja                            -200

2020/10/22 dif
    expenses:diferencia arqueo            8.24
    assets:caja                          -8.24

2020/10/23 saco reserva
    assets:caja             $10000
    assets:reserva         $-10000

2020/10/23 prestamo ih
    assets:deudas ih           10000
    assets:caja               -10000

2020/10/25 minisol
    expenses:comida            2000
    assets:caja               -2000

2020/10/27 alfajores
    expenses:comida             800
    assets:caja                -800

2020/10/28 facturas
    expenses:comida             250
    assets:caja                -250

2020/10/30 ingresos
    assets:reserva                  $30000
    income:retiro sociedad         $-30000

2020/10/30 saco reservas
    assets:caja              10000
    assets:reserva          -10000

2020/10/30 mesada camila
    expenses:cami:mesada           $2000
    assets:caja                   $-2000

2020/10/30 comida camila
    expenses:cami:comida            2200
    assets:caja                    -2200

2020/10/30 fumigacion
    expenses:casa:mantenimiento            1800
    assets:caja                           -1800

2020/10/29 ayuda
    expenses:comida:ayuda             $50
    assets:caja                      $-50

2020/10/30 mesada ih
    expenses:isabel           $1000
    assets:caja              $-1000

2020/10/30 templado celulares
    expenses:personal:varios            1200
    assets:caja                        -1200

2020/10/31 comida
    expenses:comida             550
    assets:caja                -550

2020/10/31 comida
    expenses:comida           800
    assets:caja            -800

2020/11/02 mesada ih
    expenses:isabel           $1000
    assets:caja              $-1000

2020/11/02 limpieza
    expenses:comida:limpieza             940
    assets:caja                         -940

2020/11/03 pan
    expenses:comida            $100
    assets:caja               $-100

2020/11/03 ingresos
    assets:reserva                   40000
    income:retiro sociedad          -40000

2020/11/03 saco reserva
    assets:caja              40000
    assets:reserva          -40000

2020/11/03 mesada cami
    expenses:cami:mesada           $2000
    assets:caja                   $-2000

2020/11/03 comida cami
    expenses:cami:comida           $2200
    assets:caja                   $-2200

2020/11/03 nafta
    expenses:transporte:nafta           $1000
    assets:caja                        $-1000

2020/11/03 garbarino
    expenses:isabel            3500
    assets:caja               -3500

2020/11/03 farmacia
    expenses:gastos medicos:farmacia            2532
    assets:caja                                -2532

2020/11/04 cami cuota telefono
    expenses:cami:extras        $4499.83
    assets:caja                $-4499.83

2020/11/04 cuota calefactor
    expenses:casa:mantenimiento          $813.6
    assets:caja                         $-813.6

2020/11/04 rio shop
    expenses:isabel         $214.38
    assets:caja            $-214.38

2020/11/04 seguro auto
    expenses:servicios:la caja seguros           $2596
    assets:caja                                 $-2596

2020/11/04 netflix
    expenses:servicios:netflix          605.14
    assets:caja                        -605.14

2020/11/04 pintureria szumik zeta
    expenses:casa:mantenimiento            1494
    assets:caja                           -1494

2020/11/04 heladera samsumg
    expenses:casa:mantenimiento          7566.5
    assets:caja                         -7566.5

2020/11/04 sombrilla patio
    expenses:casa:mantenimiento            5899
    assets:caja                           -5899

2020/11/04 canilla cocina y dpto plan z
    expenses:casa:refacciones        $3125.93
    assets:caja                     $-3125.93

2020/11/04 luces cocina
    expenses:casa:mantenimiento          423.76
    assets:caja                         -423.76

2020/11/04 rio shop buho
    expenses:isabel          745.86
    assets:caja             -745.86

2020/11/04 farmacity cami
    expenses:gastos medicos:farmacia         1289.36
    assets:caja                             -1289.36

2020/11/04 farmacity isabel
    expenses:gastos medicos:farmacia         1949.93
    assets:caja                             -1949.93

2020/11/04 modas marques
    expenses:isabel             660
    assets:caja                -660

2020/11/04 carusso
    expenses:servicios:carusso           $1303
    assets:caja                         $-1303

2020/11/04 samsung A51
    expenses:personal:celular         3749.92
    assets:caja                      -3749.92

2020/11/04 gastos tarjeta naranja
    expenses:servicios:tarjeta naranja gastos fijos         1067.69
    assets:caja                                            -1067.69

2020/11/04 saco reserva
    assets:caja              10000
    assets:reserva          -10000

2020/11/04 fibertel
    expenses:servicios:fibertel           $1730
    assets:caja                          $-1730

2020/11/04 pan
    expenses:comida             300
    assets:caja                -300

2020/11/04 verdura
    expenses:comida             200
    assets:caja                -200

2020/11/04 peluqueria
    expenses:peluqueria            $200
    assets:caja                   $-200

2020/11/04 carla
    expenses:isabel             600
    assets:caja                -600

2020/11/07 saco reserva
    assets:caja             $10000
    assets:reserva         $-10000

2020/11/07 comida
    expenses:comida            5000
    assets:caja               -5000

2020/11/07 lomito
    expenses:comida             600
    assets:caja                -600

2020/11/09 remi cami
    expenses:cami:extras                   $300
    assets:caja           $-300

2020/11/09 remi romi
    expenses:romi             300
    assets:caja              -300

2020/11/09 ingresos
    assets:reserva                   30000
    income:retiro sociedad          -30000

2020/11/06 pollo brasas
    expenses:comida             550
    assets:caja                -550

2020/11/09 dif
    expenses:diferencia arqueo              44
    assets:caja                            -44

2020/11/09 mesada ih
    expenses:isabel           $1000
    assets:caja              $-1000

2020/11/12 especieros cocina
    expenses:casa:mantenimiento            2430
    assets:caja                           -2430

2020/11/12 isabel
    expenses:isabel             200
    assets:caja                -200

2020/11/12 pinturas rejas calle
    expenses:casa:mantenimiento             920
    assets:caja                            -920

2020/11/12 ayuda
    expenses:comida:ayuda              60
    assets:caja                       -60

2020/11/12 saco reserva
    assets:caja             $10000
    assets:reserva         $-10000

2020/11/12 farmacia
    expenses:gastos medicos:farmacia            1930
    assets:caja                                -1930

2020/11/12 pintura rejas
    expenses:casa:mantenimiento             730
    assets:caja                            -730

2020/11/12 comida cami
    expenses:cami:comida           $2200
    assets:caja                   $-2200

2020/11/12 mesada cami
    expenses:cami:mesada           $2000
    assets:caja                   $-2000

2020/11/12 comida gato
    expenses:comida:gatos            $800
    assets:caja                     $-800

2020/11/13 mano de obra pintura rejas
    expenses:casa:mantenimiento            4200
    assets:caja                           -4200

2020/11/13 saco reserva
    assets:caja             $10000
    assets:reserva         $-10000

2020/11/13 ravioles
    expenses:comida            1000
    assets:caja               -1000

2020/11/13 mano de obra desague patio cami
    expenses:casa:mantenimiento            3700
    assets:caja                           -3700

2020/11/14 lomito
    expenses:comida            1060
    assets:caja               -1060

2020/11/14 comida
    expenses:comida            1000
    assets:caja               -1000

2020/11/15 dif
    expenses:diferencia arqueo              70
    assets:caja                            -70

2020/11/16 farmacia
    expenses:gastos medicos:farmacia            6560
    assets:caja                                -6560

2020/11/16 peaje
    expenses:transporte:peajes             160
    assets:caja                           -160

2020/11/16 nafta
    expenses:transporte:nafta           $1000
    assets:caja                        $-1000

2020/11/16 retiro reserva
    assets:caja             $10000
    assets:reserva         $-10000

2020/11/17 mesada ih
    expenses:isabel           $1000
    assets:caja              $-1000

2020/11/17 remi cami
    expenses:cami:extras             600
    assets:caja              -600

2020/11/17 jardin
    expenses:casa:mantenimiento:jardineria             500
    assets:caja                                       -500

2020/11/17 fiambre
    expenses:comida            1100
    assets:caja               -1100

2020/11/18 ayuda
    expenses:comida:ayuda              50
    assets:caja                       -50

2020/11/19 ingresos
    assets:reserva                  $30000
    income:retiro sociedad         $-30000

2020/11/19 comida
    expenses:comida            5700
    assets:caja               -5700

2020/11/19 cuchilla
    expenses:comida             600
    assets:caja                -600

2020/11/19 saco reserva
    assets:caja             $10000
    assets:reserva         $-10000

2020/11/19 dif
    expenses:diferencia arqueo              80
    assets:caja                            -80

2020/11/19 mesada cami
    expenses:cami:mesada            3000
    assets:caja                    -3000

2020/11/19 comida cami
    expenses:cami:comida           $2200
    assets:caja                   $-2200

2020/11/19 bono ih
    expenses:isabel            1000
    assets:caja               -1000

2020/11/19 saco reserva
    assets:caja             $10000
    assets:reserva         $-10000

2020/11/19 ingresos
    assets:reserva                  $30000
    income:retiro sociedad         $-30000

2020/11/19 hiper
    expenses:comida             550
    assets:caja                -550

2020/11/19 ospe
    expenses:servicios:OSPE          $22879
    assets:caja                     $-22879

2020/11/19 ecogas 2020/05 vto 03/11/20
    expenses:servicios:ecogas         3238.66
    assets:caja                      -3238.66

2020/11/19 epec 10/2020
    expenses:servicios:epec          3867.3
    assets:caja                     -3867.3

2020/11/19 aguas cordobesas 10-11/2020
    expenses:servicios:aguas cordobesas            1718
    assets:caja                                   -1718

2020/11/19 claro
    expenses:servicios:claro         1199.99
    assets:caja                     -1199.99

2020/11/19 saco reservas
    assets:caja              30000
    assets:reserva          -30000

2020/11/19 carla
    expenses:isabel             900
    assets:caja                -900

2020/11/20 ingresos
    assets:reserva                    5000
    income:retiro sociedad           -5000

2020/11/20 saco reservas
    assets:caja               5000
    assets:reserva           -5000

2020/11/20 carne
    expenses:comida            5000
    assets:caja               -5000

2020/11/20 compras
    expenses:comida            2000
    assets:caja               -2000

2020/11/20 gatos
    expenses:comida:gatos            $600
    assets:caja                     $-600

2020/11/20 isabel
    expenses:isabel             400
    assets:caja                -400

2020/11/20 pollo brasas
    expenses:comida             570
    assets:caja                -570

2020/11/23 saco reserva
    assets:caja             $10000
    assets:reserva         $-10000

2020/11/23 facturas
    expenses:comida             300
    assets:caja                -300

2020/11/24 mesada ih
    expenses:isabel           $1000
    assets:caja              $-1000

2020/11/25 mesada cami
    expenses:cami:mesada            2000
    assets:caja                    -2000

2020/11/25 comida cami
    expenses:cami:comida           $2200
    assets:caja                   $-2200

2020/11/25 comida
    expenses:comida            1700
    assets:caja               -1700

2020/11/26 remi cami
    expenses:cami:extras            $600
    assets:caja             $-600

2020/11/27 lady
    expenses:comida:gatos            $450
    assets:caja                     $-450

2020/11/28 lomito
    expenses:comida             700
    assets:caja                -700

2020/11/30 mesada ih
    expenses:isabel           $1000
    assets:caja              $-1000

2020/11/30 dif
    expenses:diferencia arqueo              37
    assets:caja                            -37

2020/11/30 comida gatos
    expenses:comida:gatos             800
    assets:caja                      -800

2020/11/30 limpieza
    expenses:comida:limpieza             200
    assets:caja                         -200

2020/11/30 chia
    expenses:comida             780
    assets:caja                -780

2020/11/30 ingresos
    assets:reserva                   30000
    income:retiro sociedad          -30000

2020/11/30 saco reserva
    assets:caja             $10000
    assets:reserva         $-10000

2020/12/01 saco reserva
    assets:caja             $10000
    assets:reserva         $-10000

2020/12/01 mesada cami
    expenses:cami:mesada           $2000
    assets:caja                   $-2000

2020/12/01 comida cami
    expenses:cami:comida            2500
    assets:caja                    -2500

2020/12/01 bono cami
    expenses:cami:extras           10000
    assets:caja                   -10000

2020/12/02 farmacia
    expenses:gastos medicos:farmacia            1710
    assets:caja                                -1710

2020/12/03 pan
    expenses:comida            $300
    assets:caja               $-300

2020/12/03 saco reserva
    assets:caja             $10000
    assets:reserva         $-10000

2020/12/03 comida
    expenses:comida            3500
    assets:caja               -3500

2020/12/03 pan dulce
    expenses:comida             700
    assets:caja                -700

2020/12/04 ingresos
    assets:reserva                  $30000
    income:retiro sociedad         $-30000

2020/12/04 saco reservas
    assets:caja              30000
    assets:reserva          -30000

2020/12/04 farmacia
    expenses:gastos medicos:farmacia            3526
    assets:caja                                -3526

2020/12/04 ecogas 2020/05 vto 02/12/2020
    expenses:servicios:ecogas         3138.79
    assets:caja                      -3138.79

2020/12/04 fibertel
    expenses:servicios:fibertel            1634
    assets:caja                           -1634

2020/12/04 cuota calefactor
    expenses:casa:mantenimiento          $813.6
    assets:caja                         $-813.6

2020/12/04 heladera samsung
    expenses:casa:mantenimiento         $7566.5
    assets:caja                        $-7566.5

2020/12/04 luces cocina
    expenses:casa:mantenimiento         $423.76
    assets:caja                        $-423.76

2020/12/04 samsung A51
    expenses:personal:celular        $3749.92
    assets:caja                     $-3749.92

2020/12/04 seguro auto
    expenses:servicios:la caja seguros            2778
    assets:caja                                  -2778

2020/12/04 netflix
    expenses:servicios:netflix         $605.14
    assets:caja                       $-605.14

2020/12/04 carusso
    expenses:servicios:carusso           $1303
    assets:caja                         $-1303

2020/12/04 canilla cocina y dpto plan z
    expenses:casa:refacciones        $3125.93
    assets:caja                     $-3125.93

2020/12/04 pintureria szumik zeta
    expenses:casa:mantenimiento           $1494
    assets:caja                          $-1494

2020/12/04 rio shop buho
    expenses:isabel         $745.86
    assets:caja            $-745.86

2020/12/04 farmacity cami
    expenses:gastos medicos:farmacia        $1289.36
    assets:caja                            $-1289.36

2020/12/04 farmacity isabel
    expenses:gastos medicos:farmacia        $1949.93
    assets:caja                            $-1949.93

2020/12/04 modas marques
    expenses:isabel            $660
    assets:caja               $-660

2020/12/04 gastos tarjeta naranja
    expenses:servicios:tarjeta naranja gastos fijos             635
    assets:caja                                                -635

2020/12/04 ayuda
    expenses:comida:ayuda              50
    assets:caja                       -50

2020/12/04 pan
    expenses:comida             100
    assets:caja                -100

2020/12/04 dif
    expenses:diferencia arqueo           71.36
    assets:caja                         -71.36

2020/12/06 facturas
    expenses:comida            $300
    assets:caja               $-300

2020/12/07 pizzas
    expenses:comida             470
    assets:caja                -470

2020/12/08 comida gats
    expenses:comida:gatos            $800
    assets:caja                     $-800

2020/12/08 remi cami
    expenses:cami:extras             500
    assets:caja              -500

2020/12/08 remi romi
    expenses:romi             500
    assets:caja              -500

2020/12/08 ingresos
    assets:reserva                  $30000
    income:retiro sociedad         $-30000

2020/12/08 saco reservas
    assets:caja              10000
    assets:reserva          -10000

2020/12/08 mesada ih
    expenses:isabel            2000
    assets:caja               -2000

2020/12/09 peluquero
    expenses:peluqueria            $200
    assets:caja                   $-200

2020/12/09 carla
    expenses:isabel             600
    assets:caja                -600

2020/12/09 isabel
    expenses:isabel             500
    assets:caja                -500

2020/12/09 extra cami cara
    expenses:cami:extras                    $500
    assets:caja           $-500

2020/12/09 nafta
    expenses:transporte:nafta           $1000
    assets:caja                        $-1000

2020/12/10 saco reserva
    assets:caja             $10000
    assets:reserva         $-10000

2020/12/10 comida
    expenses:comida            6200
    assets:caja               -6200

2020/12/10 mesada cami
    expenses:cami:mesada           $2000
    assets:caja                   $-2000

2020/12/10 comida cami
    expenses:cami:comida           $2500
    assets:caja                   $-2500

2020/12/10 tarjeta cami
    expenses:cami:extras            1800
    assets:caja                    -1800

2020/12/10 bono cami
    expenses:cami:extras            1000
    assets:caja                    -1000

2020/12/09 facturas
    expenses:comida            $300
    assets:caja               $-300

2020/12/10 ingresos
    assets:reserva                   20000
    income:retiro sociedad          -20000

2020/12/10 prestamo romi
    assets:deudas romi           20000
    assets:caja                 -20000

2020/12/10 saco reservas
    assets:caja              20000
    assets:reserva          -20000

2020/12/12 retiro reserva
    assets:caja             $10000
    assets:reserva         $-10000

2020/12/10 ayuda
    expenses:comida:ayuda             $50
    assets:caja                      $-50

2020/12/11 empanadas
    expenses:comida             850
    assets:caja                -850

2020/12/11 papel higienico-rollos de cocina
    expenses:comida           $1600
    assets:caja              $-1600

2020/12/12 jardinero
    expenses:casa:mantenimiento:jardineria             700
    assets:caja                                       -700

2020/12/14 mesada isabel
    expenses:isabel           $1000
    assets:caja              $-1000

2020/12/14 comida gatos
    expenses:comida:gatos            $800
    assets:caja                     $-800

2020/12/14 limpieza
    expenses:comida:limpieza            1050
    assets:caja                        -1050

2020/12/14 fiambreria
    expenses:comida            1200
    assets:caja               -1200

2020/12/14 bolsas consorsio
    expenses:comida             170
    assets:caja                -170

2020/12/14 pan
    expenses:comida            $100
    assets:caja               $-100

2020/12/14 skip
    expenses:comida:limpieza             600
    assets:caja                  -600

2020/12/14 boleta luz dpto jujuy 11/2020
    expenses:romi          277.40
    assets:caja           -277.40

2020/12/15 saco reserva
    assets:caja             $10000
    assets:reserva         $-10000

2020/12/15 cami mesada
    expenses:cami:mesada           $2000
    assets:caja                   $-2000

2020/12/15 cami comida
    expenses:cami:comida           $2500
    assets:caja                   $-2500

2020/12/15 bolsas
    expenses:comida             100
    assets:caja                -100

2020/12/15 desodorante
    expenses:gastos medicos:farmacia             120
    assets:caja                                 -120

2020/12/15 pan
    expenses:comida            $100
    assets:caja               $-100

2020/12/16 saco reserva
    assets:caja              30000
    assets:reserva          -30000

2020/12/16 isabel
    expenses:isabel            2500
    assets:caja               -2500

2020/12/16 ospe
    expenses:servicios:OSPE           25166
    assets:caja                      -25166

2020/12/16 epec 11/2020
    expenses:servicios:epec            4912
    assets:caja                       -4912

2020/12/16 claro
    expenses:servicios:claro            1335
    assets:caja                        -1335

2020/12/16 comida
    expenses:comida            3100
    assets:caja               -3100

2020/12/17 ayuda
    expenses:comida:ayuda             100
    assets:caja                      -100

2020/12/18 saco reserva
    assets:caja              10000
    assets:reserva          -10000

2020/12/18 pollos
    expenses:comida            1280
    assets:caja               -1280

2020/12/19 bono cami
    expenses:cami:extras            5000
    assets:caja                    -5000

2020/12/19 bono romi
    expenses:romi            5000
    assets:caja              -5000

2020/12/19 bono isabel
    expenses:isabel            5000
    assets:caja               -5000

2020/12/19 saco reserva
    assets:caja             $10000
    assets:reserva         $-10000

2020/12/21 mesada ih
    expenses:isabel            1000
    assets:caja               -1000

2020/12/21 mesada cami
    expenses:cami:mesada           $2000
    assets:caja                   $-2000

2020/12/21 comida cami
    expenses:cami:comida           $2500
    assets:caja                   $-2500

2020/12/21 saco reserva
    assets:caja             $10000
    assets:reserva         $-10000

2020/12/21 ingresos
    assets:reserva                   30000
    income:retiro sociedad          -30000

2020/12/21 pan
    expenses:comida            $100
    assets:caja               $-100


2020/12/22 comida
    expenses:comida            4000
    assets:caja               -4000

2020/12/22 cuchillos
    expenses:comida            1000
    assets:caja               -1000

2020/12/23 comida
    expenses:comida             800
    assets:caja                -800

2020/12/23 pollos
    expenses:comida            1100
    assets:caja               -1100

2020/12/23 comida
    expenses:comida            1000
    assets:caja               -1000

2020/12/26 isabel
    expenses:isabel             400
    assets:caja                -400

2020/12/26 saco reserva
    assets:caja             $10000
    assets:reserva         $-10000

2020/12/26 farmacia
    expenses:gastos medicos:farmacia            2362
    assets:caja                                -2362

2020/12/26 isabel rio shop
    expenses:isabel            1010
    assets:caja               -1010

2020/12/26 dif
    expenses:diferencia arqueo             130
    assets:caja                           -130

2020/12/28 saco reserva
    assets:caja             $10000
    assets:reserva         $-10000

2020/12/28 farmacia italiano
    expenses:gastos medicos:farmacia            7850
    assets:caja                                -7850

2020/12/28 sanwich
    expenses:comida             700
    assets:caja                -700

2020/12/28 mesada ih
    expenses:isabel           $1000
    assets:caja              $-1000

2020/12/29 reparacion calefon
    expenses:casa:mantenimiento            1800
    assets:caja                           -1800

2020/12/29 mesada cami
    expenses:cami:mesada           $2000
    assets:caja                   $-2000

2020/12/29 comida cami
    expenses:cami:comida           $2500
    assets:caja                   $-2500

2020/12/29 ingresos
    assets:reserva                  $30000
    income:retiro sociedad         $-30000

2020/12/29 farmacia otosporin
    expenses:gastos medicos:farmacia             400
    assets:caja                                 -400

2020/12/29 bazar
    expenses:comida             600
    assets:caja                -600

2020/12/29 saco reserva
    assets:caja             $10000
    assets:reserva         $-10000

2020/12/28 comida gatos
    expenses:comida:gatos            $800
    assets:caja                     $-800


2020/12/30 comida
    expenses:comida            4300
    assets:caja               -4300

2020/12/30 pan dulce
    expenses:comida            1200
    assets:caja               -1200

2021/01/03 nafta
    expenses:transporte:nafta           $1000
    assets:caja                        $-1000

2021/01/03 jardinero
    expenses:casa:mantenimiento:jardineria            $700
    assets:caja                                      $-700

2021/01/01 ayuda
    expenses:comida:ayuda            $100
    assets:caja                     $-100

2021/01/04 pan dulce
    expenses:comida             260
    assets:caja                -260

2021/01/05 ingresos
    assets:reserva                  $30000
    income:retiro sociedad         $-30000

2021/01/05 saco reservas
    assets:caja              40000
    assets:reserva          -40000

2021/01/05 cami mesada
    expenses:cami:mesada           $2000
    assets:caja                   $-2000

2021/01/05 cami comida
    expenses:cami:comida           $2500
    assets:caja                   $-2500

2021/01/05 isabel mesada
    expenses:isabel           $1000
    assets:caja              $-1000

2021/01/05 saco reserva
    assets:caja             $10000
    assets:reserva         $-10000

2021/01/05 carne
    expenses:comida            4700
    assets:caja               -4700

2021/01/05 ecogas 2020/06 vto 04/01/2021
    expenses:servicios:ecogas            2072
    assets:caja                         -2072

2021/01/05 fibertel
    expenses:servicios:fibertel            3844
    assets:caja                           -3844

2021/01/05 heladera samsung
    expenses:casa:mantenimiento         $7566.5
    assets:caja                        $-7566.5

2021/01/05 luces cocina
    expenses:casa:mantenimiento         $423.76
    assets:caja                        $-423.76

2021/01/05 samsung A51
    expenses:personal:celular        $3749.92
    assets:caja                     $-3749.92

2021/01/05 seguro auto
    expenses:servicios:la caja seguros           $2778
    assets:caja                                 $-2778

2021/01/05 netflix
    expenses:servicios:netflix         $605.14
    assets:caja                       $-605.14

2021/01/05 carusso
    expenses:servicios:carusso         1490.65
    assets:caja                       -1490.65

2021/01/05 american cuer
    expenses:isabel          966.67
    assets:caja             -966.67

2021/01/05 moda marques nuevo
    expenses:isabel            2457
    assets:caja               -2457

2021/01/05 composite 1
    expenses:personal:ropa            1333
    assets:caja                      -1333

2021/01/05 composite 2
    expenses:personal:ropa            1000
    assets:caja                      -1000

2021/01/05 jc
    expenses:romi             996
    assets:caja              -996

2021/01/05 gastos tarjeta naranja
    expenses:servicios:tarjeta naranja gastos fijos              571
    assets:caja                                                 -571

2021/01/05 pinturerias szumik zeta
    expenses:casa:mantenimiento           $1494
    assets:caja                          $-1494

2021/01/05 rio shop buho
    expenses:isabel         $745.86
    assets:caja            $-745.86

2021/01/05 farmacity cami
    expenses:gastos medicos:farmacia        $1289.36
    assets:caja                            $-1289.36

2021/01/05 farmacity isabel
    expenses:gastos medicos:farmacia        $1949.93
    assets:caja                            $-1949.93

2021/01/05 modas marques
    expenses:isabel            $660
    assets:caja               $-660

2021/01/03 ingresos
    assets:reserva                   97800
    income:retiro sociedad          -97800

2021/01/03 compra dolares
    expenses:compra dolares           97800
    assets:caja                      -97800

2021/01/03 compra dolares
    assets:reserva u$s            u$s 600
    income:compra dolares        u$s -600

2020/12/19 compra dolares
    expenses:compra dolares           36750
    assets:caja                      -36750

2020/12/19 compra dolares
    assets:reserva u$s            u$s 250
    income:compra dolares        u$s -250

2020/12/19 ingresos
    assets:reserva                   36750
    income:retiro sociedad          -36750

2020/12/19 saco reservas
    assets:caja              36750
    assets:reserva          -36750

2021/01/03 saco reservas
    assets:caja              97800
    assets:reserva          -97800

2021/01/05 gimnasio cami
    expenses:cami:extras            1900
    assets:caja                    -1900

2021/01/05 tarjeta cami
    expenses:cami:extras            1700
    assets:caja                    -1700

2021/01/06 comida
    expenses:comida            7600
    assets:caja               -7600

2021/01/06 ingresos
    assets:reserva                  $30000
    income:retiro sociedad         $-30000

2021/01/06 saco reserva
    assets:caja             $10000
    assets:reserva         $-10000

2021/01/06 isabel carla
    expenses:isabel            1100
    assets:caja               -1100

2021/01/06 peluquero
    expenses:peluqueria            $200
    assets:caja                   $-200

2021/01/08 arreglo techo goteras
    expenses:casa:mantenimiento            2700
    assets:caja                           -2700

2021/01/08 saco reser
    assets:caja             $10000
    assets:reserva         $-10000

2021/01/08 dif
    expenses:diferencia arqueo           54.81
    assets:caja                         -54.81

2021/01/08 peluqueria lady
    expenses:comida:gatos            $450
    assets:caja                     $-450

2021/01/11 mesada ih
    expenses:isabel           $1000
    assets:caja              $-1000

2021/01/11 ingresos
    assets:reserva                   10000
    income:retiro sociedad          -10000

2021/01/11 saco reserva
    assets:caja             $10000
    assets:reserva         $-10000

2021/01/11 prestamo romi
    assets:deudas romi           10000
    assets:caja                 -10000

2021/01/11 facturas
    expenses:comida             500
    assets:caja                -500

2021/01/17 sandwuches
    expenses:comida            $770
    assets:caja               $-770

2021/01/18 saco reserva
    assets:caja             $10000
    assets:reserva         $-10000

2021/01/18 mesada cami
    expenses:cami:mesada           $2000
    assets:caja                   $-2000

2021/01/18 comida cami
    expenses:cami:comida           $2500
    assets:caja                   $-2500

2021/01/14 mesada cami
    expenses:cami:mesada           $2000
    assets:caja                   $-2000

2021/01/14 comida cami
    expenses:cami:comida           $2500
    assets:caja                   $-2500

2021/01/18 comida gato
    expenses:comida:gatos             860
    assets:caja                      -860

2021/01/18 farmacia hp hiper
    expenses:gastos medicos:farmacia            1800
    assets:caja                                -1800

2021/01/19 comida
    expenses:comida            4740
    assets:caja               -4740

2021/01/19 ingresos
    assets:reserva                   30000
    income:retiro sociedad          -30000

2021/01/19 saco reserva
    assets:caja             $10000
    assets:reserva         $-10000

2021/01/19 isabel
    expenses:isabel                    $400
    assets:caja           $-400

2021/01/19 mesada ih
    expenses:isabel           $1000
    assets:caja              $-1000

2021/01/19 dif
    expenses:diferencia arqueo             680
    assets:caja                           -680

2021/01/21 nafta
    expenses:transporte:nafta            2000
    assets:caja                         -2000

2021/01/21 carla
    expenses:isabel             500
    assets:caja                -500

2021/01/21 baudino
    expenses:comida:gatos             600
    assets:caja                      -600

2021/01/21 inflar gomas
    expenses:transporte             100
    assets:caja                    -100

2021/01/21 peajes
    expenses:transporte:peajes             200
    assets:caja                           -200

2021/01/21 isabel vacaciones
    expenses:isabel            3000
    assets:caja               -3000

2021/01/21 psi cami
    expenses:cami:psicologo            1200
    assets:caja              -1200

2021/01/23 jardinero
    expenses:casa:mantenimiento:jardineria            $700
    assets:caja                                      $-700

2021/01/23 lomitos
    expenses:comida             950
    assets:caja                -950

2021/01/26 ingresos
    assets:reserva                  $30000
    income:retiro sociedad         $-30000

2021/01/26 saco reserva
    assets:caja              40000
    assets:reserva          -40000

2021/01/26 tatuaje
    expenses:cami:extras            4000
    assets:caja                    -4000

2021/01/26 comida
    expenses:comida             300
    assets:caja                -300

2021/01/26 saco reserva
    assets:caja              10000
    assets:reserva          -10000

2021/01/26 ih mesada
    expenses:isabel           $1000
    assets:caja              $-1000

2021/01/26 mesada cami
    expenses:cami:mesada           $2000
    assets:caja                   $-2000

2021/01/26 comida cami
    expenses:cami:comida           $2500
    assets:caja                   $-2500

2021/01/24 pizza
    expenses:comida             800
    assets:caja                -800

2021/01/26 epec 12/2020
    expenses:servicios:epec         4810.20
    assets:caja                    -4810.20

2021/01/26 claro
    expenses:servicios:claro         1365.97
    assets:caja                     -1365.97

2021/01/26 ospe
    expenses:servicios:OSPE          $25166
    assets:caja                     $-25166

2021/01/26 aguas cordobesas 12/2020($0)-01/2021
    expenses:servicios:aguas cordobesas          725.03
    assets:caja                                 -725.03

2021/01/26 epec dpto
    expenses:servicios:epec          277.60
    assets:caja                     -277.60

2021/01/27 ingresos
    assets:reserva                   10000
    income:retiro sociedad          -10000

2021/01/27 ingresos
    assets:reserva                  152500
    income:retiro sociedad         -152500

2021/01/27 compra dolares
    expenses:compra dolares          152500
    assets:caja                     -152500

2021/01/27 compra dolares
    assets:reserva u$s           u$s 1000
    income:compra dolares       u$s -1000

2021/01/27 saco reserva
    assets:caja             152500
    assets:reserva         -152500

2021/01/28 cami psicologo
    expenses:cami:psicologo           $1200
    assets:caja             $-1200

2021/01/28 comida
    expenses:comida             700
    assets:caja                -700

2021/01/28 saco reserva
    assets:caja              10000
    assets:reserva          -10000

2021/01/28 comida gats
    expenses:comida:gatos             900
    assets:caja                      -900

2021/01/28 isabel
    expenses:isabel            1000
    assets:caja               -1000

2021/01/29 mesada ih
    expenses:isabel           $1000
    assets:caja              $-1000

2021/01/29 isabel
    expenses:isabel            2300
    assets:caja               -2300

2021/01/29 ingresos
    assets:reserva                   11500
    income:retiro sociedad          -11500

2021/01/29 saco reserva
    assets:caja               1500
    assets:reserva           -1500

2021/01/23 ingresos
    assets:reserva                   77000
    income:retiro sociedad          -77000

2021/01/23 saco reserva
    assets:caja              77000
    assets:reserva          -77000

2021/01/23 compra dolares
    expenses:compra dolares           77000
    assets:caja                      -77000

2021/01/23 compra dolares
    assets:reserva u$s            u$s 500
    income:compra dolares        u$s -500

2021/01/31 empanadas
    expenses:comida             500
    assets:caja                -500

2021/02/04 ih
    expenses:isabel             600
    assets:caja                -600

2021/02/04 lomitos
    expenses:comida            1120
    assets:caja               -1120

2021/02/04 mesada cami
    expenses:cami:mesada           $2000
    assets:caja                   $-2000

2021/02/04 comida cami
    expenses:cami:comida           $2500
    assets:caja                   $-2500

2021/02/04 mesada ih
    expenses:isabel           $1000
    assets:caja              $-1000

2021/02/04 ingresos
    assets:reserva                   40000
    income:retiro sociedad          -40000

2021/02/04 saco reservas
    assets:caja             $40000
    assets:reserva         $-40000

2021/02/04 farmacia neutop y vs ih
    expenses:gastos medicos:farmacia            4000
    assets:caja                                -4000

2021/02/04 ecogas 2020/6
    expenses:servicios:ecogas          1976.8
    assets:caja                       -1976.8

2021/02/04 fibertel
    expenses:servicios:fibertel           $3844
    assets:caja                          $-3844

2021/02/04 carusso
    expenses:servicios:carusso        $1490.65
    assets:caja                      $-1490.65

2021/02/04 netflix
    expenses:servicios:netflix         $605.14
    assets:caja                       $-605.14

2021/02/04 seguro auto
    expenses:servicios:la caja seguros           $2778
    assets:caja                                 $-2778

2021/02/04 american cuer
    expenses:isabel         $966.67
    assets:caja            $-966.67

2021/02/04 samsung A51
    expenses:personal:celular        $3749.92
    assets:caja                     $-3749.92

2021/02/04 luces cocina
    expenses:casa:mantenimiento         $423.76
    assets:caja                        $-423.76

2021/02/04 heladera samsung
    expenses:casa:mantenimiento         $7566.5
    assets:caja                        $-7566.5

2021/02/04 moda marques nuevo
    expenses:isabel           $2457
    assets:caja              $-2457

2021/02/04 composite 1
    expenses:personal:ropa           $1333
    assets:caja                     $-1333

2021/02/04 composite 2
    expenses:personal:ropa            1000
    assets:caja                      -1000

2021/02/04 jc
    expenses:romi             747
    assets:caja              -747

2021/02/04 gastos tarjeta naranja
    expenses:servicios:tarjeta naranja gastos fijos             882
    assets:caja                                                -882

2021/02/04 cami sicologa
    expenses:cami:psicologo           $1200
    assets:caja             $-1200

2021/02/05 alimentos naturales
    expenses:comida:naturales            1300
    assets:caja                         -1300

2021/02/05 zapatillas reebook running
    expenses:personal:ropa            7000
    assets:caja                      -7000

2021/02/05 ingresos
    assets:reserva                   10000
    income:retiro sociedad          -10000

2021/02/05 saco reservas
    assets:caja              10000
    assets:reserva          -10000

2021/02/05 comida
    expenses:comida             370
    assets:caja                -370

2021/02/07 pipetas
    expenses:comida:gatos             320
    assets:caja                      -320

2021/02/07 farmacia
    expenses:gastos medicos:farmacia             168
    assets:caja                                 -168

2021/02/07 cami tarjetas
    expenses:cami:extras            4200
    assets:caja                    -4200

2021/02/07 carla
    expenses:isabel            1400
    assets:caja               -1400

2021/02/07 peluquero
    expenses:peluqueria            $200
    assets:caja                   $-200

2021/02/08 cami bono utiles
    expenses:cami:extras            3000
    assets:caja                    -3000

2021/02/08 limpieza
    expenses:comida:limpieza             450
    assets:caja                         -450

2021/02/08 comida gatos
    expenses:comida:gatos             550
    assets:caja                      -550

2021/02/08 farmacia atenix
    expenses:gastos medicos:farmacia             265
    assets:caja                                 -265

2021/02/09 ih mesada
    expenses:isabel            1200
    assets:caja               -1200

2021/02/09 saco reservas
    assets:caja             $10000
    assets:reserva         $-10000

2021/02/09 ih lanas
    expenses:isabel            2300
    assets:caja               -2300

2021/02/09 diferencia arqueo positiva
    expenses:diferencia arqueo            -300
    assets:caja                            300

2021/02/09 mesada cami
    expenses:cami:mesada           $2000
    assets:caja                   $-2000

2021/02/09 comida cami
    expenses:cami:comida           $2500
    assets:caja                   $-2500

2021/02/09 nafta
    expenses:transporte:nafta            1000
    assets:caja                         -1000

2021/02/09 ingresos
    assets:reserva                   30000
    income:retiro sociedad          -30000

2021/02/09 saco reservas
    assets:caja              20000
    assets:reserva          -20000

2021/02/09 prestamo romi
    assets:deudas romi           15000
    assets:caja                 -15000

2021/02/09 comida
    expenses:comida            5000
    assets:caja               -5000

2021/02/10 farmacia migral
    expenses:gastos medicos:farmacia             430
    assets:caja                                 -430

2021/02/10 farmacia ih
    expenses:gastos medicos:farmacia             270
    assets:caja                                 -270

2021/02/11 cuchillos
    expenses:comida             750
    assets:caja                -750

2021/02/11 comida
    expenses:comida            2800
    assets:caja               -2800

2021/02/14 pollos
    expenses:comida             670
    assets:caja                -670

2021/02/15 jardinero
    expenses:casa:mantenimiento:jardineria            1200
    assets:caja                                      -1200

2021/02/16 saco reserva
    assets:caja              10000
    assets:reserva          -10000

2021/02/17 ingresos
    assets:reserva                  $30000
    income:retiro sociedad         $-30000

2021/02/17 saco reserva
    assets:caja             $10000
    assets:reserva         $-10000

2021/02/17 cami mesada
    expenses:cami:mesada           $2000
    assets:caja                   $-2000

2021/02/17 cami comida
    expenses:cami:comida            3000
    assets:caja                    -3000

2021/02/17 verdura
    expenses:comida            1200
    assets:caja               -1200

2021/02/17 ih mesada
    expenses:isabel            1000
    assets:caja               -1000

2021/02/17 prestamo romi
    assets:deudas romi            5000
    assets:caja                  -5000

2021/02/17 lomitos
    expenses:comida            1350
    assets:caja               -1350

2021/02/17 saco reserva
    assets:caja             $10000
    assets:reserva         $-10000

2021/02/17 comida gato
    expenses:comida:gatos             800
    assets:caja                      -800

2021/02/17 limpieza
    expenses:comida:limpieza             200
    assets:caja                         -200

2021/02/14 ingresos
    assets:reserva                 $30000
    income:retiro sociedad         $-30000

2021/02/14 saco reserva
    assets:caja              30000
    assets:reserva          -30000

2021/02/14 compra dolares
    expenses:compra dolares           30000
    assets:caja                      -30000

2021/02/14 compra dolares -
    assets:reserva u$s            u$s 200
    income:compra dolares        u$s -200

2021/02/17 ingresos
    assets:reserva                   44700
    income:retiro sociedad          -44700

2021/02/17 saco reserva
    assets:caja              44700
    assets:reserva          -44700

2021/02/17 compra dolares
    expenses:compra dolares           44700
    assets:caja                      -44700

2021/02/17 compra dolares
    assets:reserva u$s            u$s 300
    income:compra dolares        u$s -300

2021/02/18 ingresos
    assets:reserva                   75000
    income:retiro sociedad          -75000

2021/02/18 saco reserva
    assets:caja              75000
    assets:reserva          -75000

2021/02/18 compra dolares
    expenses:compra dolares           75000
    assets:caja                      -75000

2021/02/18 compra dolares
    assets:reserva u$s            u$s 500
    income:compra dolares        u$s -500

2021/02/19 prestamo romi
    assets:deudas romi           $5000
    assets:caja                 $-5000

2021/02/19 dif
    expenses:diferencia arqueo          171.76
    assets:caja                        -171.76

2021/02/20 ingresos
    assets:reserva                   50000
    income:retiro sociedad          -50000

2021/02/20 saco reserva
    assets:caja              50000
    assets:reserva          -50000

2021/02/20 aguas cordobesas 02/2021
    expenses:servicios:aguas cordobesas         3511.15
    assets:caja                                -3511.15

2021/02/20 aguas cordobesas 03/2021
    expenses:servicios:aguas cordobesas         1033.86
    assets:caja                                -1033.86

2021/02/20 ospe
    expenses:servicios:OSPE          $25166
    assets:caja                     $-25166

2021/02/20 claro
    expenses:servicios:claro         1592.65
    assets:caja                     -1592.65

2021/02/20 epec dpto
    expenses:servicios:epec           275.2
    assets:caja                      -275.2

2021/02/20 dgr casa 2021/01-02-03
    expenses:impuestos:casa:dgr         2953.90
    assets:caja                        -2953.90

2021/02/20 mun auto 2021/01-02
    expenses:impuestos:bora          827.72
    assets:caja                     -827.72

2021/02/20 impuestos casa 2021/01-02
    expenses:impuestos:casa:municipal         2059.38
    assets:caja                              -2059.38

2021/02/20 epec 01/2021
    expenses:servicios:epec            9953
    assets:caja                       -9953

2021/02/20 dif - faltante negocio
    expenses:diferencia arqueo          727.14
    assets:caja                        -727.14

2021/02/22 saco reserva
    assets:caja              10000
    assets:reserva          -10000

2021/02/22 farmacia h italiano
    expenses:gastos medicos:farmacia            6410
    assets:caja                                -6410

2021/02/22 facturas
    expenses:comida             600
    assets:caja                -600

2021/02/22 ih
    expenses:isabel             500
    assets:caja                -500

2021/02/22 comida
    expenses:comida            1980
    assets:caja               -1980

2021/02/23 cami
    expenses:cami:extras             400
    assets:caja                     -400

2021/02/24 mesada cami
    expenses:cami:mesada           $2000
    assets:caja                   $-2000

2021/02/24 comida cami
    expenses:cami:comida           $3000
    assets:caja                   $-3000

2021/02/24 mesada ih
    expenses:isabel           $1000
    assets:caja              $-1000

2021/02/24 ingresos
    assets:reserva                   20000
    income:retiro sociedad          -20000

2021/02/24 saco reserva
    assets:caja             $10000
    assets:reserva         $-10000

2021/02/24 lomito
    expenses:comida             740
    assets:caja                -740

2021/02/24 peluqueria lady
    expenses:comida:gatos             550
    assets:caja                      -550

2021/02/26 estacionamiento
    expenses:transporte:estacionamiento             200
    assets:caja                                    -200

2021/02/26 pizza
    expenses:comida             830
    assets:caja                -830

2021/02/26 ingresos
    assets:reserva                   71500
    income:retiro sociedad          -71500

2021/02/26 saco reserva
    assets:caja              71500
    assets:reserva          -71500

2021/02/26 compra dolares
    expenses:compra dolares           71500
    assets:caja                      -71500

2021/02/26 compra dolares
    assets:reserva u$s            u$s 500
    income:compra dolares        u$s -500

2021/02/26 ingresos
    assets:reserva                   28600
    income:retiro sociedad          -28600

2021/02/26 saco reservas
    assets:caja              28600
    assets:reserva          -28600

2021/02/26 compra dolares
    expenses:compra dolares           28600
    assets:caja                      -28600

2021/02/26 compra dolares
    assets:reserva u$s            u$s 200
    income:compra dolares        u$s -200

2021/03/01 compras
    expenses:comida            5600
    assets:caja               -5600

2021/03/01 cami comida
    expenses:cami:comida           $3000
    assets:caja                   $-3000

2021/03/01 cami mesada
    expenses:cami:mesada           $2000
    assets:caja                   $-2000

2021/03/01 ih mesada
    expenses:isabel           $1000
    assets:caja              $-1000

2021/03/01 facturas
    expenses:comida             500
    assets:caja                -500

2021/03/03 ingresos
    assets:reserva                   30000
    income:retiro sociedad          -30000

2021/03/03 saco reserva
    assets:caja              10000
    assets:reserva          -10000

2021/03/03 comida
    expenses:comida            5000
    assets:caja               -5000

2021/03/03 farmacia sertralina-aripiprazol
    expenses:gastos medicos:farmacia            2000
    assets:caja                                -2000

2021/03/03 ih
    expenses:isabel             1300
    assets:caja                -1300

2021/03/03 saco reserva
    assets:caja             $10000
    assets:reserva         $-10000

2021/03/03 nafta
    expenses:transporte:nafta            2000
    assets:caja                         -2000

2021/03/03 dif
    expenses:diferencia arqueo             270
    assets:caja                           -270

2021/03/03 saco reserva
    assets:caja             $10000
    assets:reserva         $-10000

2021/03/03 carne
    expenses:comida            6300
    assets:caja               -6300

2021/03/05 ingresos
    assets:reserva                   57200
    income:retiro sociedad          -57200

2021/03/05 saco reservas
    assets:caja              57200
    assets:reserva          -57200

2021/03/05 compra dolares
    expenses:compra dolares           57200
    assets:caja                      -57200

2021/03/05 compra dolares
    assets:reserva u$s            u$s 400
    income:compra dolares        u$s -400

2021/03/05 cami psicologo
    expenses:cami:psicologo           $1200
    assets:caja                      $-1200

2021/03/06 ingresos
    assets:reserva                   30000
    income:retiro sociedad          -30000

2021/03/06 saco reserva
    assets:caja              30000
    assets:reserva          -30000

2021/03/06 cami tarjeta
    expenses:cami:extras            2500
    assets:caja                    -2500

2021/03/06 ingresos
    assets:reserva                   20000
    income:retiro sociedad          -20000

2021/03/06 saco reserva
    assets:caja              20000
    assets:reserva          -20000

2021/03/06 prestamo romi
    assets:deudas romi           22000
    assets:caja                 -22000

2021/03/06 ih
    expenses:isabel             200
    assets:caja                -200

2021/03/06 ih mesada
    expenses:isabel           $1000
    assets:caja              $-1000

2021/03/06 comida
    expenses:comida            2600
    assets:caja               -2600

2021/03/08 saco reserva
    assets:caja              10000
    assets:reserva          -10000

2021/03/08 mesada ih
    expenses:isabel           $1000
    assets:caja              $-1000

2021/03/08 mesada cami
    expenses:cami:mesada           $2000
    assets:caja                   $-2000

2021/03/08 comida cami
    expenses:cami:comida           $3000
    assets:caja                   $-3000

2021/03/08 cami ingles
    expenses:cami:extras            1500
    assets:caja                    -1500

2021/03/08 comida
    expenses:comida             200
    assets:caja                -200

2021/03/08 fibertel
    expenses:servicios:fibertel           $3844
    assets:caja                          $-3844

2021/03/08 carusso
    expenses:servicios:carusso        $1490.65
    assets:caja                      $-1490.65

2021/03/08 hp farma
    expenses:gastos medicos:farmacia             169
    assets:caja                                 -169

2021/03/08 seguro auto
    expenses:servicios:la caja seguros            3112
    assets:caja                                  -3112

2021/03/08 american cuer
    expenses:isabel         $966.67
    assets:caja            $-966.67

2021/03/08 samsung A51
    expenses:personal:celular        $3749.92
    assets:caja                     $-3749.92

2021/03/08 luces cocina
    expenses:casa:mantenimiento         $423.76
    assets:caja                        $-423.76

2021/03/08 heladera samsung
    expenses:casa:mantenimiento         $7566.5
    assets:caja                        $-7566.5

2021/03/08 moda marques nuevo
    expenses:isabel           $2457
    assets:caja              $-2457

2021/03/08 composite 1
    expenses:personal:ropa           $1333
    assets:caja                     $-1333

2021/03/08 composite 2
    expenses:personal:ropa            1000
    assets:caja                      -1000

2021/03/08 jc
    expenses:romi            $747
    assets:caja             $-747

2021/03/08 lucia villamoro
    expenses:ih          833.35
    assets:caja         -833.35

2021/03/08 gastos tarjeta naranja
    expenses:servicios:tarjeta naranja gastos fijos          580.43
    assets:caja                                             -580.43

2021/03/08 farmacia neutop
    expenses:gastos medicos:farmacia            1900
    assets:caja                                -1900

2021/03/08 ih carla
    expenses:isabel             600
    assets:caja                -600

2021/03/08 lomito
    expenses:comida             350
    assets:caja                -350

2021/03/09 ingresos
    assets:reserva                  426000
    income:retiro sociedad         -426000

2021/03/09 saco reserva
    assets:caja             426000
    assets:reserva         -426000

2021/03/09 compra dolares
    expenses:compra dolares          426000
    assets:caja                     -426000

2021/03/09 compra dolares
    assets:reserva u$s           u$s 3000
    income:compra dolares       u$s -3000

2021/03/11 cami psicologo
    expenses:cami:psicologo           $1200
    assets:caja                      $-1200

2021/03/12 ingresos
    assets:reserva                   28000
    income:retiro sociedad          -28000

2021/03/12 saco reservas
    assets:caja              28000
    assets:reserva          -28000

2021/03/12 compra dolares
    expenses:compra dolares           28000
    assets:caja                      -28000

2021/03/12 compra dolares
    assets:reserva u$s            u$s 200
    income:compra dolares        u$s -200

2021/03/12 ingresos
    assets:reserva                    5617
    income:retiro sociedad           -5617

2021/03/12 saco reserva
    assets:caja               5617
    assets:reserva           -5617

2021/03/12 perdidas de caja empresa
    expenses:personal:perdidas de caja            5617
    assets:caja                                  -5617

2021/03/12 saco reservas
    assets:caja              10000
    assets:reserva          -10000

2021/03/12 facturas
    expenses:comida             400
    assets:caja                -400

2021/03/13 comida gatos
    expenses:comida:gatos             460
    assets:caja                      -460

2021/03/14 lomitos
    expenses:comida             950
    assets:caja                -950

2021/03/15 alimentos naturales
    expenses:comida:naturales            1990
    assets:caja                         -1990

2021/03/15 ingresos
    assets:reserva                   90000
    income:retiro sociedad          -90000

2021/03/15 saco reserva
    assets:caja              90000
    assets:reserva          -90000

2021/03/16 saco reserva
    assets:caja              10000
    assets:reserva          -10000

2021/03/16 a cuenta techo cochera
    expenses:casa:mantenimiento           90000
    assets:caja                          -90000

2021/03/16 mesada ih
    expenses:isabel           $1000
    assets:caja              $-1000

2021/03/16 mesada cami
    expenses:cami:mesada           $2000
    assets:caja                   $-2000

2021/03/16 comida cami
    expenses:cami:comida           $3000
    assets:caja                   $-3000

2021/03/16 papel higienico
    expenses:comida            1300
    assets:caja               -1300

2021/03/16 comida
    expenses:comida            5000
    assets:caja               -5000

2021/03/16 ingreso
    assets:reserva                   30000
    income:retiro sociedad          -30000

2021/03/16 devolucion dolares Fede
    assets:reserva u$s         u$s 200
    assets:deudores           u$s -200

2021/03/17 saco reserva
    assets:caja             $10000
    assets:reserva         $-10000

2021/03/17 electricista
    expenses:casa:mantenimiento            2000
    assets:caja                           -2000

2021/03/17 comida
    expenses:comida             300
    assets:caja                -300

2021/03/17 jardinero
    expenses:casa:mantenimiento:jardineria            2000
    assets:caja                                      -2000

2021/03/18 ingresos
    assets:reserva                   30000
    income:retiro sociedad          -30000

2021/03/18 saco reserva
    assets:caja             $10000
    assets:reserva         $-10000

2021/03/18 peluquero
    expenses:peluqueria            $200
    assets:caja                   $-200

2021/03/18 nafta
    expenses:transporte:nafta           $2000
    assets:caja                        $-2000

2021/03/18 comida gato
    expenses:comida:gatos            $800
    assets:caja                     $-800

2021/03/18 veterinaria
    expenses:comida:gatos            1500
    assets:caja                     -1500

2021/03/18 electricista
    expenses:casa:mantenimiento            1200
    assets:caja                           -1200

2021/03/18 farmacity
    expenses:gastos medicos:farmacia            1394
    assets:caja                                -1394

2021/03/18 materiales construccion
    expenses:casa:mantenimiento            1910
    assets:caja                           -1910

2021/03/18 flete chapas techo cochera
    expenses:casa:mantenimiento            1100
    assets:caja                           -1100

2021/03/18 cami psicologo
    expenses:cami:psicologo           $1200
    assets:caja                      $-1200

2021/03/18 cami extras
    expenses:cami:extras             200
    assets:caja                     -200


2021/03/19 saco reserva
    assets:caja             $10000
    assets:reserva         $-10000


2021/03/19 ingresos
    assets:reserva                   40000
    income:retiro sociedad          -40000

2021/03/19 saco reserva
    assets:caja              40000
    assets:reserva          -40000

2021/03/19 arreglo bora - cierre centralizado
    expenses:transporte:reparacion auto            3800
    assets:caja                                   -3800

2021/03/19 comida
    expenses:comida             550
    assets:caja                -550

2021/03/19 comida
    expenses:comida             850
    assets:caja                -850

2021/03/19 farmacia hp - isabel
    expenses:gastos medicos:farmacia            2230
    assets:caja                                -2230

2021/03/19 dgr casa 2021-04
    expenses:impuestos:casa:dgr             982
    assets:caja                            -982

2021/03/19 claro
    expenses:servicios:claro            1286
    assets:caja                        -1286

2021/03/19 impuestos casa 2021- multa ocupacion indebida vereda
    expenses:impuestos:casa:municipal         1476.34
    assets:caja                              -1476.34

2021/03/19 impuestos casa 2021-01/02
    expenses:impuestos:casa:municipal         1322.93
    assets:caja                              -1322.93

2021/03/19 ecogas 2021/01
    expenses:servicios:ecogas         3101.18
    assets:caja                      -3101.18

2021/03/19 epec 2021/02
    expenses:servicios:epec          9892.9
    assets:caja                     -9892.9

2021/03/19 ospe
    expenses:servicios:OSPE          $25166
    assets:caja                     $-25166

2021/03/20 farmacia diclofenac
    expenses:gastos medicos:farmacia             150
    assets:caja                                 -150

2021/03/22 sandwiches
    expenses:comida             800
    assets:caja                -800

2021/03/22 pan
    expenses:comida             250
    assets:caja                -250

2021/03/22 ih
    expenses:isabel             250
    assets:caja                -250

2021/03/23 ingresos
    assets:reserva                    8100
    income:retiro sociedad           -8100

2021/03/23 saco reserva
    assets:caja               8100
    assets:reserva           -8100

2021/03/23 cambio de aceite
    expenses:transporte:reparacion auto            8100
    assets:caja                                   -8100

2021/03/23 devolucion dolares Fede
    assets:reserva u$s         u$s 800
    assets:deudores           u$s -800

2021/03/23 saco reserva
    assets:caja              10000
    assets:reserva          -10000

2021/03/23 prestamo romi
    assets:deudas romi           10000
    assets:caja                 -10000

2021/03/23 materiales cochera rueda II
    expenses:casa:mantenimiento            1850
    assets:caja                           -1850

2021/03/24 ingresos
    assets:reserva                   30000
    income:retiro sociedad          -30000

2021/03/24 saco reserva
    assets:caja              20000
    assets:reserva          -20000

2021/03/24 mesada ih
    expenses:isabel           $1000
    assets:caja              $-1000

2021/03/24 mesada cami
    expenses:cami:mesada           $2000
    assets:caja                   $-2000

2021/03/24 comida cami
    expenses:cami:comida           $3000
    assets:caja                   $-3000

2021/03/24 psi cami
    expenses:cami:psicologo           $1200
    assets:caja                      $-1200

2021/03/24 apunte cami
    expenses:cami:extras            $400
    assets:caja                    $-400

2021/03/24 materiales cochera rueda III
    expenses:casa:mantenimiento            1450
    assets:caja                           -1450

2021/03/24 facturas
    expenses:comida             390
    assets:caja                -390

2021/03/24 diferencia
    expenses:diferencia arqueo            -205
    assets:caja                            205

2021/03/25 hisopado romi
    expenses:romi            3000
    assets:caja             -3000

2021/03/25 dia hospital romi
    expenses:romi             870
    assets:caja              -870

2021/03/25 ih
    expenses:isabel            1000
    assets:caja               -1000

2021/03/26 comida
    expenses:comida            $550
    assets:caja               $-550

2021/03/26 comida gato
    expenses:comida:gatos            $800
    assets:caja                     $-800

2021/03/26 limpieza
    expenses:comida:limpieza              60
    assets:caja                          -60

2021/03/26 devolucion dolares Fede
    assets:reserva u$s         u$s 300
    assets:deudores           u$s -300

2021/03/27 lomitos
    expenses:comida            2500
    assets:caja               -2500

2021/03/25 comida
    expenses:comida            1000
    assets:caja               -1000

2021/03/25 commida
    expenses:comida             890
    assets:caja                -890

2021/03/29 mesada cami
    expenses:cami:mesada            1000
    assets:caja                    -1000

2021/03/29 prestamo romi
    assets:deudas romi            1000
    assets:caja                  -1000

2021/03/30 matafuegos
    expenses:transporte:reparacion auto             500
    assets:caja                                    -500

2021/03/30 lavado auto
    expenses:transporte:lavado             400
    assets:caja                           -400

2021/03/30 comida tadicor
    expenses:comida            4390
    assets:caja               -4390

2021/03/30 cami comida
    expenses:cami:comida             600
    assets:caja                     -600

2021/03/30 comida
    expenses:comida             100
    assets:caja                -100

2021/03/30 mesada cami
    expenses:cami:mesada            1500
    assets:caja                    -1500

2021/03/30 cami comida
    expenses:cami:comida            3000
    assets:caja                    -3000

2021/03/30 ingresos
    assets:reserva                  $30000
    income:retiro sociedad         $-30000

2021/03/30 retiro
    assets:caja              20000
    assets:reserva          -20000

2021/03/30 devolucion dolares Fede
    assets:reserva u$s         u$s 200
    assets:deudores           u$s -200

2021/03/30 itv auto
    expenses:impuestos:bora            2410
    assets:caja                       -2410

2021/03/31 farmacia italiano
    expenses:gastos medicos:farmacia            5150
    assets:caja                                -5150

2021/03/31 nafta
    expenses:transporte:nafta            1000
    assets:caja                         -1000

2021/03/31 comida
    expenses:comida             360
    assets:caja                -360

2021/03/31 mesada ih
    expenses:isabel           $1000
    assets:caja              $-1000

2021/03/31 dif
    expenses:diferencia arqueo           80.37
    assets:caja                         -80.37

2021/04/01 retiro reserva
    assets:caja             $10000
    assets:reserva         $-10000

2021/04/01 cami psi
    expenses:cami:psicologo           $1200
    assets:caja                      $-1200

2021/04/01 cami apunte
    expenses:cami:extras             300
    assets:caja                     -300

2021/04/01 comida gatos
    expenses:comida:gatos             540
    assets:caja                      -540

2021/04/01 comida
    expenses:comida            3000
    assets:caja               -3000

2021/04/01 devolucion dolares Fede
    assets:reserva u$s         u$s 500
    assets:deudores           u$s -500

2021/04/03 mesada ih viaje
    expenses:isabel           $1000
    assets:caja              $-1000

2021/04/03 ih cuchillos
    expenses:comida            3980
    assets:caja               -3980

2021/04/04 helado
    expenses:comida             300
    assets:caja                -300

2021/04/04 comida
    expenses:comida             700
    assets:caja                -700

2021/04/04 cuchillo ih
    expenses:comida            1000
    assets:caja               -1000

2021/04/04 comida huevos de pascua
    expenses:comida             200
    assets:caja                -200

2021/04/04 saco reserva
    assets:caja              10000
    assets:reserva          -10000

2021/04/05 mesada ih
    expenses:isabel            2000
    assets:caja               -2000

2021/04/05 mesada cami
    expenses:cami:mesada            2000
    assets:caja                    -2000

2021/04/05 comida cami
    expenses:cami:comida            3000
    assets:caja                    -3000

2021/04/05 ingresos
    assets:reserva                   40000
    income:retiro sociedad          -40000

2021/04/05 saco reserva
    assets:caja              40000
    assets:reserva          -40000

2021/04/05 fibertel
    expenses:servicios:fibertel           $3844
    assets:caja                          $-3844

2021/04/05 epec dpto jujuy
    expenses:servicios:epec           486.6
    assets:caja                      -486.6

2021/04/05 ecogas 2021/01
    expenses:servicios:ecogas            2858
    assets:caja                         -2858

2021/04/05 heladera samsung
    expenses:casa:mantenimiento         $7566.5
    assets:caja                        $-7566.5

2021/04/05 luces cocina
    expenses:casa:mantenimiento         $423.76
    assets:caja                        $-423.76

2021/04/05 samsung A51
    expenses:personal:celular        $3749.92
    assets:caja                     $-3749.92

2021/04/05 american cuer
    expenses:isabel         $966.67
    assets:caja            $-966.67

2021/04/05 seguro auto
    expenses:servicios:la caja seguros           $3112
    assets:caja                                 $-3112

2021/04/05 ih rio shop deco
    expenses:isabel           419.8
    assets:caja              -419.8

2021/04/05 ih microfono
    expenses:isabel            3770
    assets:caja               -3770

2021/04/05 ih lenceria cristina
    expenses:isabel            5400
    assets:caja               -5400

2021/04/05 carusso
    expenses:servicios:carusso         1453.49
    assets:caja                       -1453.49

2021/04/05 lucia villamoro
    expenses:ih         $833.35
    assets:caja        $-833.35

2021/04/05 consultas hp
    expenses:gastos medicos:psiquiatria            2000
    assets:caja                                   -2000

2021/04/05 gastos tarjeta naranja
    expenses:servicios:tarjeta naranja gastos fijos          860.28
    assets:caja                                             -860.28

2021/04/06 ingresos
    assets:reserva                   10000
    income:retiro sociedad          -10000

2021/04/06 saco reserva
    assets:caja              10000
    assets:reserva          -10000

2021/04/06 farmacia neutop
    expenses:gastos medicos:farmacia            1922
    assets:caja                                -1922

2021/04/06 farmacia diapresan y clonagin
    expenses:gastos medicos:farmacia            2230
    assets:caja                                -2230

2021/04/06 farmacia varios
    expenses:gastos medicos:farmacia            1554
    assets:caja                                -1554

2021/04/06 remocion tierra jardin
    expenses:casa:mantenimiento:jardineria             300
    assets:caja                                       -300

2021/04/06 ih prestamo carla
    assets:deudas ih            1500
    assets:caja                -1500

2021/04/06 lavado auto
    expenses:transporte:lavado            $400
    assets:caja                          $-400

2021/04/06 taxi
    expenses:transporte:remis             440
    assets:caja                          -440

2021/04/06 arreglo auto bulbo marcha atras
    expenses:transporte:reparacion auto            3200
    assets:caja                                   -3200

2021/04/06 comida gatos
    expenses:comida:gatos             800
    assets:caja                      -800

2021/04/06 lavandina
    expenses:comida:limpieza              30
    assets:caja                          -30

2021/04/07 diff
    expenses:diferencia arqueo           99.63
    assets:caja                         -99.63

2021/04/07 ayuda
    expenses:comida:ayuda              50
    assets:caja                       -50

2021/04/07 cami ingles
    expenses:cami:extras            3000
    assets:caja                    -3000

2021/04/07 ingresos
    assets:reserva                  $10000
    income:retiro sociedad         $-10000

2021/04/07 saco reserva
    assets:caja             $10000
    assets:reserva         $-10000

2021/04/08 cami psi
    expenses:cami:psicologo           $1200
    assets:caja                      $-1200

2021/04/08 cami zapas
    expenses:cami:extras            2700
    assets:caja                    -2700

2021/04/08 ih
    expenses:isabel             200
    assets:caja                -200

2021/04/08 comida
    expenses:comida            3310
    assets:caja               -3310

2021/04/08 devolucion prestamo ih
    assets:caja                 1350
    assets:deudas ih           -1350

2021/04/08 ih carla
    expenses:isabel            1150
    assets:caja               -1150

2021/04/08 peluqueria
    expenses:peluqueria            $200
    assets:caja                   $-200

2021/04/12 ingresos
    assets:reserva                  $10000
    income:retiro sociedad         $-10000

2021/04/12 saco reserva
    assets:caja             $10000
    assets:reserva         $-10000

2021/04/12 cuchillo
    expenses:comida             880
    assets:caja                -880

2021/04/12 comida
    expenses:comida            1300
    assets:caja               -1300

2021/04/12 nafta viaje
    viajes:nafta            3000
    assets:caja            -3000

2021/04/12 viaje alfajores
    viajes:viaticos             450
    assets:caja                -450

2021/04/12 viaje peajes
    viajes:peajes             160
    assets:caja              -160

2021/04/12 ih mesada
    expenses:isabel            1000
    assets:caja               -1000

2021/04/12 viaje viaticos
    viajes:viaticos             310
    assets:caja                -310

2021/04/13 comida
    expenses:comida            1700
    assets:caja               -1700

2021/04/13 ingresos
    assets:reserva                  $10000
    income:retiro sociedad         $-10000

2021/04/13 saco reserva
    assets:caja             $10000
    assets:reserva         $-10000

2021/04/13 cami mesada
    expenses:cami:mesada           $2000
    assets:caja                   $-2000

2021/04/13 cami comida
    expenses:cami:comida           $3000
    assets:caja                   $-3000

2021/04/14 ingresos
    assets:reserva                  $10000
    income:retiro sociedad         $-10000

2021/04/14 saco reserva
    assets:caja             $10000
    assets:reserva         $-10000

2021/04/14 ih
    expenses:isabel             500
    assets:caja                -500

2021/04/14 regalo fede
    expenses:personal:varios            4750
    assets:caja                        -4750

2021/04/14 ayuda
    expenses:comida:ayuda              90
    assets:caja                       -90

2021/04/15 cami psi
    expenses:cami:psicologo           $1200
    assets:caja                      $-1200

2021/04/15 carla
    expenses:isabel             700
    assets:caja                -700

2021/04/15 devolucion prestamo ih
    assets:caja                  150
    assets:deudas ih            -150

2021/04/15 comida gatos
    expenses:comida:gatos            $800
    assets:caja                     $-800

2021/04/16 ih mesada
    expenses:isabel           $1000
    assets:caja              $-1000

2021/04/16 comida
    expenses:comida             200
    assets:caja                -200

2021/04/17 ingresos
    assets:reserva                  $10000
    income:retiro sociedad         $-10000

2021/04/17 saco reserva
    assets:caja             $10000
    assets:reserva         $-10000

2021/04/17 lomito
    expenses:comida             730
    assets:caja                -730

2021/04/17 comida
    expenses:comida            1400
    assets:caja               -1400

2021/04/18 nafta viaje
    viajes:nafta            3500
    assets:caja            -3500

2021/04/18 viaje peajes
    viajes:peajes            $160
    assets:caja             $-160

2021/04/18 viaje viaticos
    viajes:viaticos              60
    assets:caja                 -60

2021/04/20 ingreso
    assets:reserva                   10000
    income:retiro sociedad          -10000

2021/04/20 saco reserva
    assets:caja             $10000
    assets:reserva         $-10000

2021/04/20 pan
    expenses:comida            $250
    assets:caja               $-250

2021/04/20 tadicor
    expenses:comida            3647
    assets:caja               -3647

2021/04/20 mesada cami
    expenses:cami:mesada           $2000
    assets:caja                   $-2000

2021/04/20 comida cami
    expenses:cami:comida           $3000
    assets:caja                   $-3000

2021/04/22 ih
    expenses:isabel             100
    assets:caja                -100

2021/04/22 limpieza
    expenses:comida:limpieza             100
    assets:caja                         -100

2021/04/22 cami psi
    expenses:cami:psicologo           $1200
    assets:caja                      $-1200

2021/04/22 ih planchita carla
    expenses:isabel            1500
    assets:caja               -1500

2021/04/23 viaje multas
    viajes:multas            8860
    assets:caja             -8860

2021/04/23 ospe
    expenses:servicios:OSPE           26928
    assets:caja                      -26928

2021/04/23 epec 03/2021
    expenses:servicios:epec         7760.70
    assets:caja                    -7760.70

2021/04/23 impuestos casa 2021/03
    expenses:impuestos:casa:municipal             662
    assets:caja                                  -662

2021/04/23 mun auto 2021/03
    expenses:impuestos:bora           423.8
    assets:caja                      -423.8

2021/04/23 claro
    expenses:servicios:claro            1672
    assets:caja                        -1672

2021/04/23 ingresos
    assets:reserva                   50000
    income:retiro sociedad          -50000

2021/04/23 saco reserva
    assets:caja              50000
    assets:reserva          -50000

2021/04/23 jardinero
    expenses:casa:mantenimiento:jardineria             800
    assets:caja                                       -800

2021/04/25 viajes nafta
    viajes:nafta            2000
    assets:caja            -2000

2021/04/25 viaje peajes
    viajes:peajes            $160
    assets:caja             $-160

2021/04/25 carne
    expenses:comida             790
    assets:caja                -790

2021/04/25 comida
    expenses:comida            3000
    assets:caja               -3000

2021/04/25 isabel
    expenses:isabel             500
    assets:caja                -500

2021/04/25 comida gatos
    expenses:comida:gatos            $800
    assets:caja                     $-800

2021/04/25 dif a favor
    expenses:diferencia arqueo          -153.5
    assets:caja                          153.5

2021/04/27 comida
    expenses:comida            2100
    assets:caja               -2100

2021/04/27 veterinaria
    expenses:comida:gatos             800
    assets:caja                      -800

2021/04/27 mesada ih
    expenses:isabel           $1000
    assets:caja              $-1000

2021/04/28 ingresos
    assets:reserva                   10000
    income:retiro sociedad          -10000

2021/04/28 mesada cami
    expenses:cami:mesada           $2000
    assets:caja                   $-2000

2021/04/28 comida cami
    expenses:cami:comida           $3000
    assets:caja                   $-3000

2021/04/28 saco reserva
    assets:caja              10000
    assets:reserva          -10000

2021/04/29 cami psi
    expenses:cami:psicologo           $1200
    assets:caja                      $-1200

2021/04/30 comida
    expenses:comida            1400
    assets:caja               -1400

2021/04/30 farmacia topi/atenix/ih varios
    expenses:gastos medicos:farmacia            5258
    assets:caja                                -5258

2021/04/30 ingresos
    assets:reserva                  $10000
    income:retiro sociedad         $-10000

2021/04/30 saco reservas
    assets:caja              10000
    assets:reserva          -10000

2021/04/30 peluqueria lady
    expenses:comida:gatos            $550
    assets:caja                     $-550

2021/05/01 lomitos
    expenses:comida             730
    assets:caja                -730

2021/05/01 extra cami
    expenses:cami:extras            2000
    assets:caja                    -2000

2021/05/02 pollo
    expenses:comida             730
    assets:caja                -730

2021/05/03 gatos
    expenses:comida:gatos             800
    assets:caja                      -800

2021/05/03 lavandina
    expenses:comida:limpieza             100
    assets:caja                         -100

2021/05/03 lampara led
    expenses:casa:mantenimiento             120
    assets:caja                            -120

2021/05/03 comida
    expenses:comida             290
    assets:caja                -290

2021/05/04 ingresos
    assets:reserva                  $10000
    income:retiro sociedad         $-10000

2021/05/04 saco reserva
    assets:caja             $10000
    assets:reserva         $-10000

2021/05/04 mesada ih
    expenses:isabel           $1000
    assets:caja              $-1000

2021/05/04 comida cami
    expenses:cami:comida           $3000
    assets:caja                   $-3000

2021/05/04 mesada cami
    expenses:cami:mesada           $2000
    assets:caja                   $-2000

2021/05/04 carla
    expenses:isabel             900
    assets:caja                -900

2021/05/04 isabel
    expenses:isabel             800
    assets:caja                -800

2021/05/05 nafta
    expenses:transporte:nafta           $1000
    assets:caja                        $-1000

2021/05/06 cami psi
    expenses:cami:psicologo           $1200
    assets:caja                      $-1200

2021/05/06 cami ingles
    expenses:cami:extras           $3000
    assets:caja                   $-3000

2021/05/06 comida
    expenses:comida             530
    assets:caja                -530

2021/05/06 ecogas 2021/02
    expenses:servicios:ecogas          540.62
    assets:caja                       -540.62

2021/05/06 fibertel
    expenses:servicios:fibertel           $3844
    assets:caja                          $-3844

2021/05/06 heladera samsung
    expenses:casa:mantenimiento         $7566.5
    assets:caja                        $-7566.5

2021/05/06 luces cocina
    expenses:casa:mantenimiento         $423.76
    assets:caja                        $-423.76

2021/05/06 samsung A51
    expenses:personal:celular        $3749.92
    assets:caja                     $-3749.92

2021/05/06 american cuer
    expenses:isabel         $966.67
    assets:caja            $-966.67

2021/05/06 seguro auto
    expenses:servicios:la caja seguros           $3112
    assets:caja                                 $-3112

2021/05/06 netflix
    expenses:servicios:netflix         1097.13
    assets:caja                       -1097.13

2021/05/06 new sport
    expenses:personal:ropa            2200
    assets:caja                      -2200

2021/05/06 comida tadicor
    expenses:comida         3482.13
    assets:caja            -3482.13

2021/05/06 comida hiper
    expenses:comida          545.96
    assets:caja             -545.96

2021/05/06 carusso
    expenses:servicios:carusso         1674.84
    assets:caja                       -1674.84

2021/05/06 optica campos
    expenses:gastos medicos:opticas         7476.66
    assets:caja                            -7476.66

2021/05/06 rio shop deco
    expenses:isabel           566.6
    assets:caja              -566.6

2021/05/06 lucia villamoro
    expenses:ih         $833.35
    assets:caja        $-833.35

2021/05/06 lucia villamoro II
    expenses:ih         1741.70
    assets:caja        -1741.70

2021/05/06 consultas hp
    expenses:gastos medicos:psiquiatria             250
    assets:caja                                    -250

2021/05/06 gastos tarjeta naranja
    expenses:servicios:tarjeta naranja gastos fijos          1312.3
    assets:caja                                             -1312.3

2021/05/06 ingresos
    assets:reserva                   50000
    income:retiro sociedad          -50000

2021/05/06 saco reserva
    assets:caja              50000
    assets:reserva          -50000

2021/05/06 comida
    expenses:comida             200
    assets:caja                -200

2021/05/07 comida
    expenses:comida             750
    assets:caja                -750

2021/05/07 mesada ih
    expenses:isabel           $1000
    assets:caja              $-1000

2021/05/07 lomito
    expenses:comida             830
    assets:caja                -830


2021/05/08 materiales reparacion caño subida agua
    expenses:casa:mantenimiento            6810
    assets:caja                           -6810

2021/05/08 ingresos
    assets:reserva                   20000
    income:retiro sociedad          -20000

2021/05/08 saco reserva
    assets:caja              20000
    assets:reserva          -20000

2021/05/08 mano de obra reparacion caños de agua
    expenses:casa:mantenimiento            5000
    assets:caja                           -5000

2021/05/08 comida
    expenses:comida            1100
    assets:caja               -1100

2021/05/08 comida
    expenses:comida             400
    assets:caja                -400

2021/05/10 prestamo romina
    assets:deudas romi           25000
    assets:caja                 -25000

2021/05/10 isabel
    expenses:isabel             450
    assets:caja                -450

2021/05/10 facturas
    expenses:comida             300
    assets:caja                -300

2021/05/10 ingresos
    assets:reserva                  $20000
    income:retiro sociedad         $-20000

2021/05/10 saco reserva
    assets:caja             $20000
    assets:reserva         $-20000

2021/05/11 toner
    expenses:casa:mantenimiento            750
    assets:caja                           -750

2021/05/11 ingresos
    assets:reserva                   10000
    income:retiro sociedad          -10000

2021/05/11 saco reserva
    assets:caja              10000
    assets:reserva          -10000

2021/05/11 mesada cami
    expenses:cami:mesada           $2000
    assets:caja                   $-2000

2021/05/11 comida cami
    expenses:cami:comida           $3000
    assets:caja                   $-3000

2021/05/11 dif
    expenses:diferencia arqueo             807
    assets:caja                           -807

2021/05/12 farmacia italiano
    expenses:gastos medicos:farmacia            6433
    assets:caja                                -6433

2021/05/12 comida
    expenses:comida            1100
    assets:caja               -1100

2021/05/13 ingresos
    assets:reserva                  $10000
    income:retiro sociedad         $-10000

2021/05/13 saco reservas
    assets:caja             $10000
    assets:reserva         $-10000

2021/05/13 gatos
    expenses:comida:gatos            1000
    assets:caja                     -1000

2021/05/13 nafta
    expenses:transporte:nafta           $1000
    assets:caja                        $-1000

2021/05/13 ih
    expenses:isabel            500
    assets:caja               -500

2021/05/13 cami psi
    expenses:cami:psicologo           $1200
    assets:caja                      $-1200

2021/05/13 dif
    expenses:diferencia arqueo            7.86
    assets:caja                          -7.86

2021/05/15 comida
    expenses:comida             600
    assets:caja                -600

2021/05/15 comida
    expenses:comida            1200
    assets:caja               -1200

2021/05/16 lomitos
    expenses:comida            1300
    assets:caja               -1300

2021/05/17 ingresos
    assets:reserva                   20000
    income:retiro sociedad          -20000

2021/05/17 saco reserva
    assets:caja              20000
    assets:reserva          -20000

2021/05/17 cami extras
    expenses:cami:extras           21000
    assets:caja                   -21000

2021/05/17 comida
    expenses:comida            3750
    assets:caja               -3750

2021/05/17 veterinaria
    expenses:comida:gatos            $800
    assets:caja                     $-800

2021/05/17 ingresos
    assets:reserva                   10000
    income:retiro sociedad          -10000

2021/05/17 saco reservas
    assets:caja             $10000
    assets:reserva         $-10000

2021/05/18 mesada cami
    expenses:cami:mesada           $2000
    assets:caja                   $-2000

2021/05/18 comida cammi
    expenses:cami:comida           $3000
    assets:caja                   $-3000

2021/05/18 mesada ih
    expenses:isabel           $1000
    assets:caja              $-1000

2021/05/18 nafta
    expenses:transporte:nafta            2000
    assets:caja                         -2000

2021/05/18 remi cami
    expenses:cami:extras             180
    assets:caja                     -180

2021/05/18 ingresos
    assets:reserva                   10000
    income:retiro sociedad          -10000

2021/05/18 saco reservas
    assets:caja             $10000
    assets:reserva         $-10000

2021/05/18 prestamo romi
    assets:deudas romi            5000
    assets:caja                  -5000

2021/05/18 comida
    expenses:comida             390
    assets:caja                -390

2021/05/18 farmacia
    expenses:gastos medicos:farmacia             300
    assets:caja                                 -300

2021/05/18 jardinera
    expenses:casa:mantenimiento:jardineria             300
    assets:caja                                       -300

2021/05/18 ih
    expenses:isabel             300
    assets:caja                -300

2021/05/19 veterinaria
    expenses:comida:gatos             750
    assets:caja                      -750

2021/05/19 viaje multas
    viajes:multas            4700
    assets:caja             -4700

2021/05/20 cami psi
    expenses:cami:psicologo           $1200
    assets:caja                      $-1200

2021/05/21 ingresos
    assets:reserva                   60000
    income:retiro sociedad          -60000

2021/05/21 saco reserva
    assets:caja              60000
    assets:reserva          -60000

2021/05/21 veterinaria
    expenses:comida:gatos             600
    assets:caja                      -600

2021/05/21 farmacia
    expenses:gastos medicos:farmacia            5110
    assets:caja                                -5110

2021/05/21 epec 04/2021
    expenses:servicios:epec            7424
    assets:caja                       -7424

2021/05/21 aguas cordobesas 04/2021
    expenses:servicios:aguas cordobesas         9247.37
    assets:caja                                -9247.37

2021/05/21 claro
    expenses:servicios:claro            1730
    assets:caja                        -1730

2021/05/21 ospe
    expenses:servicios:OSPE           29887
    assets:caja                      -29887

2021/05/24 mesada ih
    expenses:isabel            2000
    assets:caja               -2000

2021/05/25 lomito
    expenses:comida            1400
    assets:caja               -1400

2021/05/26 gatos
    expenses:comida:gatos             800
    assets:caja                      -800

2021/05/26 comida
    expenses:comida             320
    assets:caja                -320

2021/05/26 ingresos
    assets:reserva                   10000
    income:retiro sociedad          -10000

2021/05/26 saco reservas
    assets:caja             $10000
    assets:reserva         $-10000

2021/05/26 mesada cami
    expenses:cami:mesada            3000
    assets:caja                    -3000

2021/05/26 comida cami
    expenses:cami:comida           $3000
    assets:caja                   $-3000

2021/05/26 papel higienico
    expenses:comida            1400
    assets:caja               -1400

2021/05/27 dif
    expenses:diferencia arqueo             421
    assets:caja                           -421

2021/05/29 lomito
    expenses:comida            1300
    assets:caja               -1300

2021/06/01 mesada ih
    expenses:isabel             500
    assets:caja                -500

2021/06/01 mesada ih
    expenses:isabel             500
    assets:caja                -500

2021/06/01 comida
    expenses:comida             200
    assets:caja                -200

2021/06/01 comida
    expenses:comida            3000
    assets:caja               -3000

2021/06/01 ingresos
    assets:reserva                  $10000
    income:retiro sociedad         $-10000

2021/06/01 saco reserva
    assets:caja              10000
    assets:reserva          -10000

2021/06/02 taxi cami
    expenses:cami:extras            $500
    assets:caja                    $-500

2021/06/02 estacionamiento
    expenses:transporte:estacionamiento             170
    assets:caja                                    -170

2021/06/02 cami psico
    expenses:cami:psicologo           $1200
    assets:caja                      $-1200

2021/06/02 ingresos
    assets:reserva                   20000
    income:retiro sociedad          -20000

2021/06/02 saco reserva
    assets:caja              20000
    assets:reserva          -20000

2021/06/05 cami mesada
    expenses:cami:mesada           $3000
    assets:caja                   $-3000

2021/06/05 cami comida
    expenses:cami:comida           $3000
    assets:caja                   $-3000

2021/06/05 comida
    expenses:comida            3000
    assets:caja               -3000

2021/06/05 gatos
    expenses:comida:gatos            1000
    assets:caja                     -1000

2021/06/07 mesada ih
    expenses:isabel            1500
    assets:caja               -1500

2021/06/07 odontologia
    expenses:gastos medicos:odontologia            4500
    assets:caja                                   -4500

2021/06/07 ingresos
    assets:reserva                   50000
    income:retiro sociedad          -50000

2021/06/07 saco reserva
    assets:caja              50000
    assets:reserva          -50000

2021/06/07 nafta
    expenses:transporte:nafta            1500
    assets:caja                         -1500

2021/06/07 ih
    expenses:isabel             680
    assets:caja                -680

2021/06/08 gatos
    expenses:comida:gatos           $1000
    assets:caja                    $-1000

2021/06/08 comida
    expenses:comida             430
    assets:caja                -430

2021/06/08 ecogas 2021/02
    expenses:servicios:ecogas          500.55
    assets:caja                       -500.55

2021/06/08 fibertel
    expenses:servicios:fibertel            4637
    assets:caja                           -4637

2021/06/08 heladera samsung
    expenses:casa:mantenimiento         $7566.5
    assets:caja                        $-7566.5

2021/06/08 luces cocina
    expenses:casa:mantenimiento         $423.76
    assets:caja                        $-423.76

2021/06/08 samsung A51
    expenses:personal:celular        $3749.92
    assets:caja                     $-3749.92

2021/06/08 american cuer
    expenses:isabel         $966.67
    assets:caja            $-966.67

2021/06/08 new sport
    expenses:personal:ropa           $2200
    assets:caja                     $-2200

2021/06/08 rio shop deco
    expenses:isabel           982.6
    assets:caja              -982.6

2021/06/08 seguro auto
    expenses:servicios:la caja seguros            3608
    assets:caja                                  -3608

2021/06/08 netflix
    expenses:servicios:netflix        $1097.13
    assets:caja                      $-1097.13

2021/06/08 todo moda
    expenses:isabel            1597
    assets:caja               -1597

2021/06/08 rio shop deco
    expenses:isabel          566.60
    assets:caja             -566.60

2021/06/08 optica campos
    expenses:gastos medicos:opticas        $7476.66
    assets:caja                           $-7476.66

2021/06/08 comida hiper
    expenses:comida         $545.96
    assets:caja            $-545.96

2021/06/08 comida tadicor
    expenses:comida        $3482.13
    assets:caja           $-3482.13

2021/06/08 caruso
    expenses:servicios:carusso         1672.49
    assets:caja                       -1672.49

2021/06/08 rimo calzados
    expenses:ih            1748
    assets:caja           -1748

2021/06/08 ecogas ultima boleta dpto jujuy
    expenses:romi         1212.78
    assets:caja          -1212.78

2021/06/08 lucia villamoro
    expenses:ih         $833.35
    assets:caja        $-833.35

2021/06/08 lucia villamoro
    expenses:ih         1741.66
    assets:caja        -1741.66

2021/06/08 gastos tarjeta naranja
    expenses:servicios:tarjeta naranja gastos fijos          982.34
    assets:caja                                             -982.34

2021/06/08 cami mesada
    expenses:cami:mesada           $3000
    assets:caja                   $-3000

2021/06/08 cami comida
    expenses:cami:comida           $3000
    assets:caja                   $-3000

2021/06/08 peluquero
    expenses:peluqueria            $200
    assets:caja                   $-200

2021/06/08 ih carla
    expenses:isabel             800
    assets:caja                -800

2021/06/08 ih
    expenses:isabel            1200
    assets:caja               -1200

2021/06/09 ayuda
    expenses:comida:ayuda             100
    assets:caja                      -100

2021/06/09 ayuda
    expenses:comida:ayuda             120
    assets:caja                      -120

2021/06/09 jardinero
    expenses:casa:mantenimiento:jardineria             800
    assets:caja                                       -800

2021/06/09 ingles cami
    expenses:cami:extras           $3000
    assets:caja                   $-3000

2021/06/09 ingresos
    assets:reserva                   20000
    income:retiro sociedad          -20000

2021/06/09 saco reservas
    assets:caja              20000
    assets:reserva          -20000

2021/06/09 prestamo romi
    assets:deudas romi           15000
    assets:caja                 -15000

2021/06/09 comida
    expenses:comida            1000
    assets:caja               -1000

2021/06/11 odontologo
    expenses:gastos medicos:odontologia            5500
    assets:caja                                   -5500

2021/06/11 ih
    expenses:isabel            1000
    assets:caja               -1000

2021/06/12 ingreso
    assets:reserva                  $10000
    income:retiro sociedad         $-10000

2021/06/12 saco reserva
    assets:caja              10000
    assets:reserva          -10000

2021/06/12 lomitos
    expenses:comida           $1300
    assets:caja              $-1300

2021/06/12 pollos
    expenses:comida             750
    assets:caja                -750

2021/06/12 lapicero
    expenses:personal:varios             500
    assets:caja                         -500

2021/06/12 sanwiches
    expenses:comida            1110
    assets:caja               -1110

2021/06/14 mesada ih
    expenses:isabel           $1500
    assets:caja              $-1500

2021/06/14 ingresos
    assets:reserva                   10000
    income:retiro sociedad          -10000

2021/06/14 saco reserva
    assets:caja             $10000
    assets:reserva         $-10000

2021/06/15 prestamo romi
    assets:deudas romi            2000
    assets:caja                  -2000

2021/06/15 comida
    expenses:comida            1200
    assets:caja               -1200

2021/06/16 ih
    expenses:isabel             400
    assets:caja                -400

2021/06/16 cami extras
    expenses:cami:extras             200
    assets:caja                     -200

2021/06/16 cami comida
    expenses:cami:comida           $3000
    assets:caja                   $-3000

2021/06/16 cami mesada
    expenses:cami:mesada           $3000
    assets:caja                   $-3000

2021/06/17 cami psico
    expenses:cami:psicologo           $1200
    assets:caja                      $-1200

2021/06/17 farmacia hp
    expenses:gastos medicos:farmacia            1660
    assets:caja                                -1660

2021/06/17 regalo cumple romi
    expenses:romi           30000
    assets:caja            -30000

2021/06/17 prestamo romi
    assets:deudas romi            5000
    assets:caja                  -5000

2021/06/17 ingresos
    assets:reserva                   40000
    income:retiro sociedad          -40000

2021/06/17 saco reserva
    assets:caja              40000
    assets:reserva          -40000

2021/06/18 ingresos
    assets:reserva                   10000
    income:retiro sociedad          -10000

2021/06/18 saco reserva
    assets:caja              10000
    assets:reserva          -10000

2021/06/18 nafta
    expenses:transporte:nafta            2000
    assets:caja                         -2000

2021/06/18 ih
    expenses:isabel            1200
    assets:caja               -1200

2021/06/18 ih
    expenses:isabel             150
    assets:caja                -150

2021/06/18 lomito
    expenses:comida            1200
    assets:caja               -1200

2021/06/19 comida
    expenses:comida            2800
    assets:caja               -2800

2021/06/19 ih
    expenses:isabel            1000
    assets:caja               -1000

2021/06/21 ingresos
    assets:reserva                   50000
    income:retiro sociedad          -50000

2021/06/21 saco reserva
    assets:caja              50000
    assets:reserva          -50000

2021/06/21 gasista
    expenses:casa:mantenimiento            1000
    assets:caja                           -1000

2021/06/21 impuestos casa 2021/04-05
    expenses:impuestos:casa:municipal         1349.30
    assets:caja                              -1349.30

2021/06/21 impuestos bora
    expenses:impuestos:bora          860.12
    assets:caja                     -860.12

2021/06/21 dgr casa 2021/05/06
    expenses:impuestos:casa:dgr         1970.87
    assets:caja                        -1970.87

2021/06/21 claro
    expenses:servicios:claro         3766.97
    assets:caja                     -3766.97

2021/06/21 aguas cordobesas 05/2021
    expenses:servicios:aguas cordobesas         1047.02
    assets:caja                                -1047.02

2021/06/21 epec 05/2021
    expenses:servicios:epec          4431.7
    assets:caja                     -4431.7

2021/06/21 ospe
    expenses:servicios:OSPE           28715
    assets:caja                      -28715

2021/06/22 electricista
    expenses:casa:mantenimiento            1400
    assets:caja                           -1400

2021/06/23 gatos
    expenses:comida:gatos            1000
    assets:caja                     -1000

2021/06/23 limpieza
    expenses:comida:limpieza             150
    assets:caja                         -150

2021/06/23 mesada cami
    expenses:cami:mesada           $3000
    assets:caja                   $-3000

2021/06/23 comida cami
    expenses:cami:comida           $3000
    assets:caja                   $-3000

2021/06/21 mesada ih
    expenses:isabel           $1500
    assets:caja              $-1500

2021/06/23 ingresos
    assets:reserva                   30000
    income:retiro sociedad          -30000

2021/06/23 saco reserva
    assets:caja              30000
    assets:reserva          -30000

2021/06/23 a cuenta rejas chicas
    expenses:casa:mantenimiento           25000
    assets:caja                          -25000

2021/06/24 resma y toner
    expenses:casa:mantenimiento            1130
    assets:caja                           -1130

2021/06/25 ingresos
    assets:reserva                  $30000
    income:retiro sociedad         $-30000

2021/06/25 saco reservas
    assets:caja              30000
    assets:reserva          -30000

2021/06/25 odontologo
    expenses:gastos medicos:odontologia            6900
    assets:caja                                   -6900

2021/06/25 colocacion aire acondicionado
    expenses:casa:mantenimiento            7000
    assets:caja                           -7000

2021/06/25 refaccion patio
    expenses:casa:mantenimiento            2000
    assets:caja                           -2000

2021/06/26 comida
    expenses:comida            4475
    assets:caja               -4475

2021/06/27 sandwich
    expenses:comida            1200
    assets:caja               -1200

2021/06/28 odontologo
    expenses:gastos medicos:odontologia            9000
    assets:caja                                   -9000

2021/06/29 facturas
    expenses:comida            $300
    assets:caja               $-300

2021/06/29 mesada ih
    expenses:isabel           $1500
    assets:caja              $-1500

2021/06/29 mesada cami
    expenses:cami:mesada           $3000
    assets:caja                   $-3000

2021/06/29 comida cami
    expenses:cami:comida           $3000
    assets:caja                   $-3000

2021/06/30 ingresos
    assets:reserva                   10000
    income:retiro sociedad          -10000

2021/06/30 saco reserva
    assets:caja              10000
    assets:reserva          -10000

2021/06/30 gatos
    expenses:comida:gatos             800
    assets:caja                      -800

2021/06/30 limpieza
    expenses:comida:limpieza              90
    assets:caja                          -90

2021/07/01 ingresos
    assets:reserva                   60000
    income:retiro sociedad          -60000

2021/07/01 farmacia
    expenses:gastos medicos:farmacia            6011
    assets:caja                                -6011

2021/07/01 ecogas 2021/3
    expenses:servicios:ecogas            3643
    assets:caja                         -3643

2021/07/01 fibertel
    expenses:servicios:fibertel            3602
    assets:caja                           -3602

2021/07/01 heladera samsung
    expenses:casa:mantenimiento         $7566.5
    assets:caja                        $-7566.5

2021/07/01 luces cocina
    expenses:casa:mantenimiento         $423.76
    assets:caja                        $-423.76

2021/07/01 samsung A51
    expenses:personal:celular        $3749.92
    assets:caja                     $-3749.92

2021/07/01 new sport
    expenses:personal:ropa           $2200
    assets:caja                     $-2200

2021/07/01 seguro auto
    expenses:servicios:la caja seguros           $3608
    assets:caja                                 $-3608

2021/07/01 netflix
    expenses:servicios:netflix        $1097.13
    assets:caja                      $-1097.13

2021/07/01 carusso
    expenses:servicios:carusso         1817.49
    assets:caja                       -1817.49

2021/07/01 lucia villamoro
    expenses:ih         $833.35
    assets:caja        $-833.35

2021/07/01 lucia villamoro
    expenses:ih         1741.66
    assets:caja        -1741.66

2021/07/01 consulta telefonica psiquiatra
    expenses:gastos medicos:psiquiatria            $250
    assets:caja                                   $-250

2021/07/01 rimo
    expenses:ih           $1748
    assets:caja          $-1748

2021/07/01 hipermercados libertad
    expenses:comida          958.61
    assets:caja             -958.61

2021/07/01 rio shop deco
    expenses:isabel          566.60
    assets:caja             -566.60

2021/07/01 optica campos
    expenses:gastos medicos:opticas        $7476.66
    assets:caja                           $-7476.66

2021/07/01 comida hiper
    expenses:comida         $545.96
    assets:caja            $-545.96

2021/07/01 comida tadicor
    expenses:comida        $3482.13
    assets:caja           $-3482.13

2021/07/01 youtube premium
    expenses:servicios:youtube             200
    assets:caja                           -200

2021/07/01 gastos tarjeta naranja
    expenses:servicios:tarjeta naranja gastos fijos          950.71
    assets:caja                                             -950.71

2021/07/01 saco reserva
    assets:caja              60000
    assets:reserva          -60000

2021/07/01 cami psi
    expenses:cami:psicologo           $1200
    assets:caja                      $-1200

2021/07/01 pan
    expenses:comida             100
    assets:caja                -100

2021/06/24 cami psi
    expenses:cami:psicologo           $1200
    assets:caja                      $-1200

2021/06/24 farmacia
    expenses:gastos medicos:farmacia             150
    assets:caja                                 -150

2021/07/01 prestamo romi
    assets:deudas romi           $5000
    assets:caja                 $-5000

2021/07/01 prestamo romi
    assets:deudas romi            2000
    assets:caja                  -2000

2021/07/01 electricista
    expenses:casa:mantenimiento             400
    assets:caja                            -400

2021/07/03 ih lanas
    expenses:isabel             520
    assets:caja                -520

2021/07/03 facturas y masas
    expenses:comida            1000
    assets:caja               -1000

2021/07/03 ih
    expenses:isabel             100
    assets:caja                -100

2021/07/04 farmacia
    expenses:gastos medicos:farmacia             520
    assets:caja                                 -520

2021/07/04 ingresos
    assets:reserva                   10000
    income:retiro sociedad          -10000

2021/07/04 saco reserva
    assets:caja              10000
    assets:reserva          -10000

2021/07/05 estacionamiento
    expenses:transporte:estacionamiento              40
    assets:caja                                     -40

2021/07/05 comida
    expenses:comida             300
    assets:caja                -300

2021/07/05 farmacia migral
    expenses:gastos medicos:farmacia            1190
    assets:caja                                -1190

2021/07/05 farmacia antibioticos
    expenses:gastos medicos:farmacia             880
    assets:caja                                 -880

2021/07/05 ingresos
    assets:reserva                  $10000
    income:retiro sociedad         $-10000

2021/07/05 saco reserva
    assets:caja             $10000
    assets:reserva         $-10000

2021/07/05 mesada ih
    expenses:isabel           $1500
    assets:caja              $-1500

2021/07/05 dif
    expenses:diferencia arqueo           81.07
    assets:caja                         -81.07

2021/07/05 comida
    expenses:comida             200
    assets:caja                -200

2021/07/05 lomito
    expenses:comida            1600
    assets:caja               -1600

2021/07/06 tadicor
    expenses:comida            2050
    assets:caja               -2050

2021/07/07 nafta
    expenses:transporte:nafta           $2000
    assets:caja                        $-2000

2021/07/07 auriculares
    expenses:personal:varios            1000
    assets:caja                        -1000

2021/07/08 gatos
    expenses:comida:gatos            1400
    assets:caja                     -1400

2021/07/08 ingresos
    assets:reserva                  $10000
    income:retiro sociedad         $-10000

2021/07/08 saco reserva
    assets:caja             $10000
    assets:reserva         $-10000

2021/07/08 comida
    expenses:comida            6500
    assets:caja               -6500


2021/07/05 cami mesada
    expenses:cami:mesada           $3000
    assets:caja                   $-3000

2021/07/05 cami comida
    expenses:cami:comida           $3000
    assets:caja                   $-3000

2021/07/09 dif
    expenses:diferencia arqueo            1030
    assets:caja                          -1030

2021/07/10 comida
    expenses:comida             820
    assets:caja                -820

2021/07/11 comida
    expenses:comida            1000
    assets:caja               -1000

2021/07/10 comida
    expenses:comida            1200
    assets:caja               -1200

2021/07/09 lomitos
    expenses:comida            1110
    assets:caja               -1110

2021/07/09 ingresos
    assets:reserva                  $10000
    income:retiro sociedad         $-10000

2021/07/09 saco reserva
    assets:caja             $10000
    assets:reserva         $-10000

2021/07/12 ih mesada
    expenses:isabel            2500
    assets:caja               -2500

2021/07/13 ingresos
    assets:reserva                   20000
    income:retiro sociedad          -20000

2021/07/13 saco reserva
    assets:caja              20000
    assets:reserva          -20000

2021/07/13 odontologo
    expenses:gastos medicos:odontologia           10000
    assets:caja                                  -10000

2021/07/13 cami mesada
    expenses:cami:mesada           $3000
    assets:caja                   $-3000

2021/07/13 cami comida
    expenses:cami:comida           $3000
    assets:caja                   $-3000

2021/07/13 cami tarjeta
    expenses:cami:extras            3340
    assets:caja                    -3340

2021/07/13 pan
    expenses:comida             300
    assets:caja                -300

2021/07/13 dif
    expenses:diferencia arqueo              60
    assets:caja                            -60

2021/07/14 comida
    expenses:comida             500
    assets:caja                -500

2021/07/14 comida
    expenses:comida            2000
    assets:caja               -2000

2021/07/14 ingresos
    assets:reserva                  $20000
    income:retiro sociedad         $-20000

2021/07/14 saco reserva
    assets:caja             $20000
    assets:reserva         $-20000

2021/07/14 prestamo romi
    assets:deudas romi           15000
    assets:caja                 -15000

2021/07/15 psicologa cami
    expenses:cami:psicologo           $1200
    assets:caja                      $-1200

2021/07/16 comida
    expenses:comida            4500
    assets:caja               -4500

2021/07/18 taxi cami
    expenses:cami:extras             200
    assets:caja                     -200

2021/07/18 cami merienda
    expenses:cami:extras             600
    assets:caja                     -600

2021/07/20 ingresos
    assets:reserva                   10000
    income:retiro sociedad          -10000

2021/07/20 saco reserva
    assets:caja              10000
    assets:reserva          -10000

2021/07/20 odontologo
    expenses:gastos medicos:odontologia            5000
    assets:caja                                   -5000

2021/07/20 facturas
    expenses:comida             290
    assets:caja                -290

2021/07/20 mesada ih
    expenses:isabel            1500
    assets:caja               -1500

2021/07/20 gatos
    expenses:comida:gatos            1300
    assets:caja                     -1300

2021/07/20 farmacia hospital italiano
    expenses:gastos medicos:farmacia            5260
    assets:caja                                -5260

2021/07/21 farmacia hospital italiano
    expenses:gastos medicos:farmacia            1510
    assets:caja                                -1510

2021/07/21 ingreso
    assets:reserva                   60000
    income:retiro sociedad          -60000

2021/07/21 saco reserva
    assets:caja              60000
    assets:reserva          -60000

2021/07/21 ospe
    expenses:servicios:OSPE          $28715
    assets:caja                     $-28715

2021/07/21 epec 06/2021
    expenses:servicios:epec            4491
    assets:caja                       -4491

2021/07/21 claro
    expenses:servicios:claro            2206
    assets:caja                        -2206

2021/07/21 dgr casa 2021/07-08
    expenses:impuestos:casa:dgr            1964
    assets:caja                           -1964

2021/07/21 impuestos bora 2021/06-07
    expenses:impuestos:bora           837.8
    assets:caja                      -837.8

2021/07/21 impuesto inmobiliario 2021/06-07
    expenses:impuestos:casa:municipal         1309.32
    assets:caja                              -1309.32

2021/07/21 aguas cordobesas 06/2021
    expenses:servicios:aguas cordobesas        13411.67
    assets:caja                               -13411.67

2021/07/21 ih
    expenses:isabel             500
    assets:caja                -500

2021/07/21 ingreso
    assets:reserva                   10000
    income:retiro sociedad          -10000

2021/07/21 saco reserva
    assets:caja              10000
    assets:reserva          -10000

2021/07/21 mesada cami
    expenses:cami:mesada           $3000
    assets:caja                   $-3000

2021/07/21 comida cami
    expenses:cami:comida           $3000
    assets:caja                   $-3000

2021/07/21 taxi cami
    expenses:cami:extras             500
    assets:caja                     -500
